3559 5392
322 803 393 878 que
410 779 645 875 privationem
665 789 704 850 ut
717 774 935 872 principium
958 771 1103 869 aliquod
1125 771 1300 846 dissimile
1317 773 1442 867 sejun-

321 895 737 993 gitasubstantia.Quam
748 890 1004 988 principiorum
1015 887 1443 962 adumbrationemerern

321 1036 398 1088 esse
412 1033 612 1107 expressam
630 1030 671 1080 ex
689 1031 730 1080 eo
749 1007 937 1080 confirmat
951 1005 1048 1100 qrrod
1062 1004 1225 1077 tenebras
1238 1026 1362 1077 omnes
1384 1026 1446 1075 na-

321 1139 412 1198 turae
429 1123 595 1211 discutit,
612 1121 819 1214 divellitque
830 1143 954 1193 omnes
965 1119 1256 1216 philosophorum
1272 1117 1441 1213 argutias,

322 1243 361 1315 in
376 1238 500 1335 primis
515 1237 764 1311 Eleaticorum.

372 1431 420 1497 Ex
452 1446 523 1519 quc
546 1423 711 1519 sequitur
725 1420 802 1518 (1),
820 1420 850 1493 si
871 1436 1008 1494 naturae
1026 1419 1119 1518 leges
1134 1435 1256 1494 tencre
1272 1422 1442 1509 uelimus,

321 1539 359 1611 in
374 1563 415 1611 eo
428 1560 504 1611 esse
523 1537 777 1610 elaborandum
793 1551 832 1608 ut
854 1535 1012 1628 primum
1031 1558 1196 1631 quaenam
1211 1536 1256 1608 sit
1269 1537 1445 1631 cujusque

324 1653 469 1724 materia
495 1666 697 1738 teneamus,
737 1649 823 1744 quid
854 1648 891 1718 in
922 1668 961 1720 ea
982 1649 1127 1751 materia
1147 1634 1306 1732 deficiat,
1336 1672 1444 1746 quam

323 1781 464 1862 appetat
483 1769 645 1839 formam.
672 1771 722 1838 Ne
742 1779 860 1838 tamen
884 1765 1040 1857 l'ructurn
1063 1789 1180 1861 operae
1198 1791 1340 1840 omnem
1359 1791 1446 1862 per-

324 1880 458 1975 cepisse
484 1880 715 1972 arbitremur,
743 1879 772 1950 si
799 1877 1003 1950 summatim
1028 1879 1145 1974 qualia
1173 1879 1243 1950 sint
1264 1903 1304 1952 ea
1324 1905 1448 1954 rerum

323 1994 500 2090 principia
512 1993 776 2088 collegerimus3
794 2015 866 2064 nun
881 2006 934 2065 est
946 1993 1042 2064 euim
1055 1994 1173 2086 aliqua
1184 1994 1449 2067 universasub-

325 2109 465 2198 stantia,
480 2130 550 2179 una
560 2109 723 2181 etcadem
735 2107 770 2179 in
786 2107 968 2196 omnibus,
986 2130 1027 2178 ex
1041 2131 1111 2203 qua
1125 2108 1444 2204 singulauriantur3

326 2245 389 2296 sua
404 2246 485 2295 reru
500 2222 632 2317 cuique
642 2220 787 2316 propria
797 2222 957 2309 materia,
974 2244 1037 2294 sua
1047 2222 1160 2295 forma
1175 2237 1247 2314 est3
1263 2245 1344 2293 nam
1357 2223 1448 2296 nihil

326 2359 517 2411 commune
537 2336 618 2409 lecit
632 2351 779 2426 natura,
801 2334 863 2408 sed
881 2336 1055 2431 singulam
1076 2337 1225 2432 singulis
1247 2336 1345 2409 dedit
1360 2339 1448 2410 sub·

326 2453 513 2538 stantiam,
530 2450 643 2527 uariae
666 2449 792 2522 tribuit
811 2449 964 2543 species,
998 2449 1114 2521 rarius
1133 2449 1177 2521 ad
1202 2435 1291 2523 lines
1308 2474 1450 2527 accom-

327 2566 496 2640 modarit.
525 2562 625 2636 lianc
655 2565 782 2636 ducem
814 2576 849 2634 et
879 2561 1081 2656 magistram
1112 2547 1222 2637 secuti
1238 2589 1311 2638 non
1331 2570 1449 2664 magni

327 2678 602 2766 aestimabimus,
622 2690 710 2749 teste
728 2676 940 2763 Aristotele,
964 2677 1055 2749 hane
1082 2679 1268 2752 scientiam
1287 2706 1329 2754 ex
1347 2707 1451 2778 gene-

328 2819 409 2870 rum
430 2792 554 2867 notitia
572 2791 779 2880 conflatam,
817 2813 898 2886 quae
924 2814 1050 2885 parum
1073 2793 1117 2866 ab
1132 2794 1330 2889 ignorantia
1356 2798 1450 2893 vulgi

328 2909 525 3002 discrepat3
556 2919 664 2978 totam
691 2924 772 2976 reru
796 2926 940 2998 operam
959 2904 1012 2995 (2)
1031 2907 1075 2976 ad
1101 2909 1367 3003 percipiendam
1385 2937 1449 2984 eu-

324 3024 457 3118 jusque
470 3019 521 3093 rei
540 3035 702 3092 naturam
725 3017 965 3091 censeremus.
994 3023 1039 3090 Ut
1061 3019 1158 3091 enim
1175 3024 1318 3115 prodest
1333 3038 1450 3101 struc-

329 3133 398 3208 tori
425 3131 556 3208 aedium
575 3154 647 3207 non
666 3134 772 3207 tnodc
791 3131 929 3206 novisse
943 3133 1103 3227 lapidum
1123 3139 1395 3235 tegularumque
1416 3161 1450 3219 et

327 3246 509 3343 tignorum
532 3246 734 3335 materiam,
757 3246 889 3342 quibus
906 3246 944 3317 in
964 3247 1172 3323 aedificanda
1186 3251 1291 3325 domo
1310 3265 1447 3349 utatur,

327 3384 450 3435 rerum
479 3359 584 3447 etiam
598 3359 684 3455 quid
701 3383 741 3432 ex
766 3361 838 3432 illis
859 3358 937 3443 lieri
959 3363 1088 3458 possit,
1104 3387 1210 3460 quam
1229 3366 1273 3437 ad
1300 3367 1450 3446 sormam

328 3477 388 3551 illa
406 3473 671 3551 accommodare
697 3475 733 3549 in
751 3476 871 3548 animo
885 3468 1034 3567 habeat,
1063 3479 1115 3553 sic
1133 3470 1227 3581 lidus
1240 3502 1376 3558 naturae
1394 3487 1451 3560 in-

328 3607 466 3686 terpres
479 3596 666 3687 postquam
693 3591 908 3664 intellexerit
924 3615 1089 3687 quaenam
1103 3593 1150 3668 sit
1166 3580 1452 3699 uniuscujusque

329 3703 474 3777 materia
490 3702 605 3801 prima
621 3703 658 3775 in
681 3704 835 3801 hisquae
854 3718 982 3802 natura
1003 3706 1219 3805 gignuntur,
1233 3712 1263 3783 si
1283 3735 1452 3813 percepe-

330 3819 378 3905 rit
390 3817 495 3892 etiam
510 3839 618 3914 quam
631 3815 676 3893 ad
689 3817 837 3892 formam
849 3820 989 3917 singula
1003 3816 1329 3923 accommodentur,
1342 3854 1449 3926 quem

364 4142 905 4255 (t)tin.1,np.a,tlea,etpaas.
1009 4249 1012 4253 ,
1118 4248 1121 4254 ,
1290 4177 1359 4201 ·’

366 4257 774 4345 (2)tin.11,cap,t,t.tat.
909 4341 912 4347 Ι
1132 4304 1139 4333 ,-
1246 4280 1420 4341 „munta
