3559 5392
673 559 676 564 ’
799 559 959 618 -30-

318 731 418 794 mus,
439 707 535 805 quod
550 709 622 803 jem
636 722 717 782 ante
731 720 784 782 est
799 705 1041 803 disputatum,
1061 705 1239 809 quidquid
1260 719 1444 797 movetur,
1509 766 1512 770 .

320 848 381 896 seu
401 838 526 920 sponte
543 823 578 895 id
598 824 675 912 fiat,
698 845 759 894 seu
782 824 887 918 pulsu
906 823 1026 918 aliquo
1042 836 1213 907 externe,
1240 844 1301 895 seu
1320 834 1449 895 eontra

321 954 505 1022 naturam,
526 961 585 1009 seu
608 936 644 1007 in
663 936 791 1009 ordine
809 951 963 1027 naturae,
980 926 1108 1031 alique
1121 959 1224 1019 causa
1238 935 1354 1008 ciente
1368 958 1450 1008 mo-

324 1053 409 1125 veri.
438 1053 475 1123 ld
493 1066 612 1123 aulem
627 1051 723 1143 quod
739 1055 937 1142 moretm),
950 1062 1011 1123 eut
1026 1064 1141 1124 movet
1154 1074 1218 1145 per
1229 1075 1278 1138 se,
1296 1064 1359 1124 aut
1374 1073 1452 1122 mu·

321 1180 377 1238 vet
401 1165 486 1237 dum
505 1179 683 1253 movetur,
705 1188 778 1260 quo
792 1162 898 1237 modo
916 1163 1082 1237 baculum
1099 1162 1256 1260 lmpelllt.
1267 1163 1447 1260 lapidem,

323 1281 408 1352 dum
426 1293 543 1351 movet
555 1278 672 1373 ipsum
690 1285 829 1367 manus,
846 1302 928 1374 quae
940 1277 1086 1375 quidem
1100 1277 1145 1351 eb
1160 1279 1305 1354 homine
1318 1280 1449 1352 cietur.

323 1396 393 1467 Sed
412 1394 583 1489 quonium
603 1394 756 1466 inomni
776 1410 873 1466 motu
898 1405 1038 1490 oportet
1061 1395 1110 1467 sil
1132 1378 1271 1490 aliquid
1293 1393 1450 1489 primum

327 1515 423 1612 quod
436 1539 501 1610 per
518 1540 555 1588 se
576 1532 731 1600 moveat,
752 1519 884 1589 nedum
902 1516 1039 1611 possint
1053 1518 1175 1591 omniu
1185 1516 1294 1589 simul
1309 1539 1452 1590 movere

327 1645 362 1702 et
387 1631 537 1720 nrov'eri3
571 1631 606 1702 id
623 1644 742 1702 erilem
758 1633 856 1725 quod
874 1645 989 1705 movet
1010 1656 1072 1726 per
1089 1655 1127 1704 se
1145 1644 1181 1704 et
1201 1655 1273 1703 non
1290 1645 1368 1727 eget
1385 1631 1454 1704 alio

328 1758 368 1817 ut
381 1758 518 1827 moveat
534 1767 648 1816 causae
667 1745 784 1839 polius
804 1763 922 1840 parles
939 1770 1041 1843 agere
1060 1747 1211 1837 videtur,
1228 1746 1320 1818 lreue
1338 1745 1457 1842 petis-

331 1861 459 1935 simum
479 1883 621 1932 eausam
639 1883 719 1953 quae
736 1876 849 1933 movet
863 1884 926 1956 per
944 1885 982 1935 se
999 1878 1034 1935 et
1050 1863 1083 1935 vi
1106 1866 1256 1958 quadem
1275 1861 1382 1937 insita
1402 1859 1458 1933 de·

331 1989 386 2048 cet
401 1974 599 2070 requirere.
1344 1966 1347 1970 ’

381 2106 461 2186 Trie
487 2128 605 2187 eutem
630 2115 665 2187 in
695 2139 822 2211 genera
850 2117 904 2210 (2)
929 2116 1089 2189 recidere
1118 2115 1255 2190 videtur
1272 2115 1460 2217 *quidquid

332 2233 497 2306 sensibus
515 2233 645 2305 nostris
665 2247 717 2305 est
741 2233 936 2306 obnoxium
960 2261 967 2303 :
993 2233 1090 2330 quod
1110 2248 1244 2320 movet,
1267 2237 1365 2330 quod
1383 2257 1462 2326 mo-

333 2361 448 2432 vetur,
466 2348 634 2443 quodque
651 2347 687 2416 in
705 2346 820 2420 medio
838 2349 1025 2442 utriusque
1038 2362 1111 2434 est,
1134 2361 1181 2439 ¹ut
1196 2361 1280 2447 puta
1292 2347 1462 2422 baculum

338 2455 413 2554 que
430 2458 579 2552 lapidem
601 2458 831 2553 impellimus.
853 2462 892 2531 ld
913 2483 995 2531 veru
1012 2454 1108 2552 quod
1129 2474 1265 2537 lentum
1285 2475 1461 2548 movetur,

339 2587 474 2645 molum
491 2572 669 2657 nunciet,
683 2573 743 2644 sed
764 2574 878 2647 solum
895 2572 1020 2670 recipit
1032 2589 1067 2646 et
1082 2574 1181 2673 quasi
1196 2576 1332 2671 petitur
1342 2603 1352 2668 3
1363 2576 1463 2672 'quod

340 2675 377 2758 in
401 2685 516 2759 medie
534 2699 608 2776 est,
627 2686 732 2777 simul
748 2703 908 2760 movetur
923 2704 959 2762 el
978 2703 1112 2780 movet3
1134 2687 1228 2787 qued
1245 2714 1308 2793 per
1327 2714 1365 2767 se
1386 2690 1466 2767 md·

343 2816 418 2876 tum
435 2802 562 2886 ellieil,
593 2817 770 2897 quatenus
786 2802 822 2874 id
844 2804 918 2897 agit
943 2818 1065 2875 manet
1086 2804 1283 2890 immotum.
1303 2811 1410 2895 Nem,
1435 2807 1467 2883 si

342 2917 556 3018 movebitur,
575 2920 642 2991 erit
661 2933 699 2991 ut
715 2931 895 2989 moveatur
910 2916 980 2995 sive
991 2918 1114 2992 eodem
1131 2934 1227 2992 motu
1239 2911 1320 3018 ‘quo
1337 2937 1466 3009 movet,

344 3033 417 3105 sive
434 3033 523 3123 elie3
542 3033 569 3104 si
592 3037 727 3121 eodem,
748 3032 883 3106 discere
902 3050 938 3106 et
956 3035 1094 3122 dooere,
1112 3033 1338 3107 aedificare-et
1354 3022 1468 3122 aedili-

347 3149 418 3223 eeri
436 3172 547 3217 unum
562 3150 703 3220 elidem
718 3176 727 3240 3
750 3150 779 3221 si
792 3149 881 3239 elio,
901 3148 1070 3239 iaciamus
1083 3151 1209 3247 *augeri
1227 3168 1289 3225 eut
1306 3151 1470 3230 imminui

346 3261 382 3333 id
401 3259 497 3356 quod
514 3261 618 3333 eliam
640 3286 713 3333 rem
728 3262 896 3336 *immutet
912 3277 972 3338 eut
987 3263 1064 3335 leco
1082 3255 1216 3355 moret3
1236 3289 1317 3339 cum
1334 3291 1419 3354 vero
1432 3269 1473 3340 lr-

348 3379 422 3450 nile
446 3377 517 3449 sint
540 3378 738 3453 morionum
766 3402 914 3475 genere,
940 3378 983 3452 ad
1007 3377 1171 3462 eumdem
1197 3379 1315 3455 statim
1335 3400 1472 3459 molum

349 3495 566 3583 recidemus,
598 3513 633 3568 et
660 3484 726 3568 erit
744 3512 784 3568 ul
801 3499 925 3568 eedem
946 3490 1043 3572 mutu
1064 3507 1201 3566 moveat
1222 3507 1257 3565 el
1277 3511 1474 3573 moveatur.

347 3616 495 3703 Necesse
523 3624 575 3681 esl
602 3611 710 3704 igitur
737 3622 871 3680 moveat
896 3622 934 3680 ut
950 3609 1146 3680 immotum
1168 3608 1264 3702 quod
1283 3632 1337 3680 se
1358 3610 1476 3705 ipsum

352 3739 484 3812 murel,
507 3737 541 3795 et
562 3723 598 3793 in
615 3747 657 3795 eo
673 3724 717 3798 sit
731 3723 814 3799 hinc
834 3722 970 3819 aliquid
985 3722 1080 3816 quod
1094 3737 1250 3819 moveat,
1268 3722 1477 3824 illincquod
1527 3785 1528 3788 ,

353 3852 545 3927 moveatur,
566 3835 637 3911 duo·
658 3838 814 3927 diversa3
838 3861 920 3908 nem
940 3836 1018 3910 lieri
1041 3860 1112 3908 non
1131 3851 1246 3931 potest
1268 3851 1306 3909 ut
1328 3838 1478 3933 singulae

390 4098 427 4169 (1)
448 4097 846 4169 Lu.vrrr,cap.5,s.ese
899 4126 916 4135 ι-
1008 4082 1027 4098 ’·
1092 4055 1096 4062 ’

391 4186 431 4259 (2)
450 4185 511 4241 ur.
530 4185 927 4259 vr1r,cap.5‚r.esr‚ese.
