3559 5392
1314 590 1351 627 ,υἱ

575 714 580 721 ·
687 684 689 688 ’
781 691 973 775 ·-a'a-

233 862 246 913 '-
286 902 287 906 =
330 861 433 933 'l'ultu
445 860 543 934 ellim
559 859 689 932 moleri
709 859 844 954 allquld
857 866 1114 951 adseveramus,
1133 864 1248 958 quum
1261 838 1450 958 quamdam

238 978 243 983 ’
330 976 907 1070 deprehendim'uamumentoruib
928 976 1078 1066 setiam,
1100 990 1135 1048 et
1148 977 1334 1070 priusboc
1349 1000 1449 1070 esse,

329 1090 506 1184 posterius
523 1090 619 1162 istud
639 1089 872 1184 intelligimus
886 1115 896 1181 3
912 1091 1036 1162 eodem
1057 1093 1161 1186 pacto
1181 1103 1256 1162 tum
1272 1115 1348 1164 esse
1362 1105 1452 1163 tem·

329 1227 398 1298 pus
417 1229 498 1277 cum
515 1204 671 1297 aliquam
685 1203 721 1274 ln
738 1217 835 1275 motu
855 1203 1156 1278 continuationem
1178 1217 1212 1277 et
1239 1204 1331 1278 varia
1350 1207 1452 1301 quasi

330 1333 507 1390 momenta
534 1318 765 1412 percipimus.
789 1324 902 1390 Motus
923 1318 1057 1412 igitur,
1085 1333 1261 1413 quatenus
1280 1342 1321 1391 ex
1348 1320 1451 1392 variis

328 1433 466 1505 constal
498 1432 689 1515 munientis
712 1432 748 1503 el
772 1432 955 1505 numerari
984 1445 1120 1526 potest,
1145 1432 1330 1504 constituit
1361 1446 1452 1505 tem·

329 1569 398 1640 pus
405 1574 416 1635 ς
433 1557 474 1621 etl
490 1553 561 1641 quo
575 1547 740 1642 sequitur
757 1560 899 1641 tempus
915 1569 991 1646 esse
1006 1556 1196 1618 numelum
1212 1547 1247 1638 in
1264 1552 1377 1634 melu,
1392 1561 1453 1620 aut

322 1674 465 1732 motum
481 1661 598 1755 ipsulm
613 1667 788 1754 quatenus
805 1675 1035 1763 numeratum
1063 1660 1227 1791 sequitur
1240 1662 1345 1734 etiam
1361 1676 1453 1735 tem-

328 1790 396 1870 pus
413 1796 485 1848 non
500 1772 586 1870 pbr
575 1796 613 1847 se
628 1783 726 1862 ause,
742 1772 803 1849 sed
819 1776 975 1871 pendere
992 1785 1011 1848 e'
1028 1790 1125 1848 motu
1143 1776 1247 1870 eujus
1263 1777 1309 1849 sit
1325 1799 1452 1850 nume-

327 1900 408 1974 itm,
424 1889 579 1985 pendere
591 1908 631 1963 ex
645 1890 826 2006 intellectu
842 1913 914 1984 quo
930 1890 1069 1998 sublato
1083 1888 1181 2011 nihil
1199 1890 1312 1986 possit
1328 1913 1452 1978 nume·

328 2004 411 2076 rati.

376 2215 531 2314 Tempus
546 2241 657 2312 quum
670 2219 718 2291 ita
734 2221 779 2291 sit
798 2218 1055 2309 delinitumsin
1069 2231 1190 2314 aperto
1205 2232 1258 2290 est
1271 2202 1450 2313 quomoda

326 2335 436 2428 pessit
457 2347 714 2408 tumeonstare
731 2356 853 2406 secum
876 2349 911 2407 et
930 2335 1025 2408 idem
1044 2344 1207 2421 manere,
1230 2338 1305 2404 tum
1327 2345 1451 2404 eontra

327 2451 467 2544 semper
485 2448 670 2521 immutari
694 2448 747 2545 ll)
774 2475 781 2517 :
813 2447 907 2521 idem
933 2450 1028 2522 enim
1051 2449 1183 2522 dieitur
1202 2471 1277 2520 esse
1292 2470 1335 2521 eo
1353 2449 1450 2542 quod

326 2579 506 2636 momenta
539 2563 720 2636 individua
749 2563 882 2657 quibus
916 2565 1098 2637 definitul·
1130 2564 1376 2658 dividiturque
1411 2565 1448 2636 in

326 2692 463 2773 pantes,
486 2701 527 2750 ex
543 2677 675 2772 quibus
687 2690 825 2751 constat
841 2679 951 2752 totius
968 2679 1137 2772 temporie
1155 2700 1338 2764 mensura,
1359 2702 1451 2750 sem·

324 2808 483 2889 pereunt
497 2818 559 2887 per
576 2816 613 2864 se
624 2792 766 2881 eadem}
783 2794 1085 2887 discrepatautem
1101 2805 1243 2888 tempus
1259 2809 1449 2890 atempone

325 2910 422 3003 quod
432 2931 469 2980 ea
480 2921 654 2980 tutamenta
665 2930 804 3000 semper
815 2906 1009 2978 intlivensis
1019 2922 1216 2994 versantur,
1232 2933 1341 3002 quum
1354 2933 1394 2982 ea
1404 2909 1449 2980 sit

327 3037 444 3096 motus
461 3038 585 3095 natura
599 3036 640 3093 ut
653 3045 792 3116 semper
806 3022 944 3117 aliquid
955 3025 1033 3094 novi
1047 3023 1203 3116 preferat
1219 3024 1254 3094 in
1273 3023 1444 3097 medium.

347 3304 349 3307 .
374 3228 435 3307 td'
449 3234 532 3322 hoc,
564 3247 704 3329 tempus
729 3245 782 3304 est
802 3233 1019 3318 continuum
1040 3247 1075 3304 et
1103 3230 1244 3303 infinite
1263 3231 1447 3304 dividuum

324 3347 446 3424 eadem
468 3351 606 3432 ratione
630 3374 705 3447 qua
729 3360 866 3439 motus‘,
898 3350 932 3422 in
958 3362 1033 3446 quo'
1057 3338 1121 3422 est
1153 3347 1327 3423 Dividitur
1352 3350 1446 3421 enim

325 3477 510 3538 momento.
531 3465 698 3560 piaeseuti
719 3466 774 3556 (1)Ι
803 3483 845 3561 τῷ
868 3479 943 3549 νῦ),
976 3476 1014 3535 'ul
1037 3475 1171 3556 puncto
1199 3463 1313 3556 linea5
1352 3463 1448 3556 quod

324 3591 544 3651 momentum
561 3576 720 3673 quamvis
740 3595 855 3673 neque
871 3600 953 3672 pars
973 3577 1092 3672 aliqua
1111 3578 1279 3670 temporis
1295 3578 1358 3667 sit,
1382 3601 1446 3649 ne-

323 3717 392 3785 que
429 3695 588 3799 ejusdem
617 3701 826 3798 mensura,
850 3693 1020 3793 quoniam
1055 3691 1302 3780 individuum,
1340 3692 1447 3764 ellieit

323 3817 458 3878 tamen
468 3821 506 3880 'ut
538 3807 725 3880 metiamur
746 3816 909 3902 tempus,
937 3805 1135 3901 dividitque
1161 3806 1281 3934 illud
1272 3831 1309 3877 tn
1328 3813 1447 3902 pantes

323 3922 509 4013 exquibus
527 3943 692 3994 mensura
711 3934 777 4001 est.
858 3948 862 3955 ·
1208 3951 1210 3954 ·

358 4173 399 4244 (1)
413 4123 477 4230 Lib.
488 4171 547 4237 IV,
560 4187 622 4244 cap.
636 4170 687 4236 12,
700 4171 720 4227 l.
737 4170 809 4237 220,
821 4170 886 4228 221.

359 4261 398 4334 (2)
416 4261 481 4318 Lib.
501 4260 702 4334 lv,cap.13‚
722 4261 747 4319 l.
768 4261 830 4318 m.
854 4261 917 4318 Lib.
939 4259 999 4332 Vl,
1019 4277 1081 4333 cap.
1097 4259 1222 4331 3,a,5‚
1237 4259 1271 4328 6,
1291 4260 1324 4326 7,
1340 4261 1359 4318 l.
1373 4260 1446 4331 231,

323 4351 385 4409 238,
579 4395 581 4398 ,
