3559 5392
913 651 1072 709 ..28-

426 823 505 872 sum
520 798 613 895 ignis
628 799 739 870 rnotui
757 821 899 869 sursum
916 820 1055 871 versum
1075 798 1287 872 contrarius.
1306 804 1425 873 Motus
1439 820 1547 872 veros

426 914 624 1000 contrario,
655 923 687 988 ἐκ
715 928 766 991 τοῦ
787 923 933 1000 iscariot,
957 937 1029 986 non
1057 902 1256 1003 contrarius
1276 925 1329 985 est
1362 912 1398 986 ei
1424 912 1487 1008 qui
1509 909 1547 984 ad

427 1029 662 1118 contrarium,
676 1040 748 1132 πρὸς
761 1038 795 1106 τὸ
810 1038 948 1114 taurios,
957 1028 1127 1123 quoniam
1135 1042 1253 1102 motus
1265 1028 1383 1101 omnis
1392 1040 1546 1123 versatur

426 1146 464 1216 in
476 1144 600 1240 aliquo
616 1145 791 1239 subjecto,
809 1167 875 1215 nec
888 1143 1031 1216 deliniri
1052 1156 1169 1238 potest
1183 1144 1253 1218 nisi
1271 1142 1397 1239 positis
1412 1143 1546 1216 duobus

427 1258 629 1331 contrariis.
645 1258 821 1332 Contrarii
843 1258 951 1330 etiarn
968 1257 1208 1352 praedicantur
1226 1272 1343 1331 motus
1360 1281 1447 1331 cum
1466 1259 1547 1331 alter

429 1387 564 1446 naturae
585 1387 639 1446 est
658 1385 941 1460 consentaneus,
968 1372 1059 1444 alter
1086 1397 1168 1446 vero
1190 1376 1230 1447 ut
1256 1375 1469 1446 adversante
1487 1395 1547 1445 na-

428 1503 505 1560 tura
519 1543 526 1572 ‚
542 1512 613 1581 quo
633 1485 738 1562 modo
758 1501 875 1562 motus
898 1501 1002 1560 terrae
1022 1510 1166 1560 sursum
1183 1488 1440 1589 versusmotui
1458 1489 1547 1582 ejus·

427 1602 508 1674 dem
525 1602 692 1675 deorsum
716 1625 837 1674 versus
856 1603 1067 1674 contrarius.
1088 1602 1195 1687 Quies
1218 1615 1335 1674 autem
1362 1602 1476 1697 quieti
1501 1613 1547 1674 est

427 1717 604 1787 contraria
618 1740 713 1788 nunc
726 1741 808 1788 curn
827 1740 866 1788 ea
884 1741 965 1812 quae
983 1718 1177 1811 utrobique
1196 1702 1389 1812 quiescunt
1407 1716 1498 1789 locis
1513 1715 1547 1787 in

427 1829 616 1902 contrariis
637 1843 839 1924 versantur,
858 1845 897 1902 ut
918 1846 1001 1924 puta
1019 1831 1121 1925 quies
1145 1845 1250 1903 terrae
1272 1831 1443 1904 deorsum
1459 1829 1548 1926 ignis

426 1948 539 2043 quieti
556 1972 699 2021 sursum
718 1949 916 2041 contraria3
935 1971 1032 2021 nunc
1051 1949 1157 2020 etiam
1174 1973 1255 2020 curn
1279 1949 1336 2020 illa
1365 1950 1405 2020 lit
1425 1972 1549 2021 secun-

428 2066 513 2137 durn
535 2079 717 2151 naturam,
740 2066 799 2136 illa
815 2079 939 2136 natura
954 2079 1194 2160 repugnante,
1212 2046 1376 2139 uidelicet
1400 2063 1433 2136 si
1465 2078 1550 2137 terra

430 2201 572 2250 sursum
588 2178 761 2274 quiescat.
778 2178 885 2262 Quies
902 2177 1059 2273 denique
1073 2203 1217 2253 sursum
1235 2179 1267 2252 ei
1287 2177 1402 2251 motui
1420 2178 1485 2273 qui
1502 2190 1549 2250 est

428 2294 594 2369 deorsum
611 2316 733 2368 versus
749 2293 939 2367 contraria.

479 2511 593 2604 Hujus
608 2511 814 2591 autemloci
839 2510 992 2606 quaestio
1008 2524 1049 2584 ut
1065 2509 1172 2607 plane
1186 2512 1445 2610 cumulateque
1465 2526 1564 2589 esset·

430 2623 778 2719 perlectaadjunxit
797 2625 959 2720 quaedam
970 2637 1091 2698 noster
1101 2630 1146 2701 de
1155 2625 1549 2722 partitionemotus(t),

389 2816 391 2820 ,
430 2762 502 2833 quo
519 2739 661 2814 facilius
679 2730 911 2837 physicorum
925 2741 1238 2832 contradictiones,
1260 2745 1430 2841 inprimis
1444 2753 1552 2818 Zeno-

429 2853 486 2927 nis
517 2855 681 2930 dilueret.
715 2862 803 2928 Nam
834 2879 916 2929 curn
941 2859 1156 2952 quibusdam
1181 2860 1372 2954 placuisset
1393 2877 1553 2934 constare

430 2982 571 3066 tempus
587 2995 629 3044 ex
649 2972 838 3046 momentis
857 2969 1070 3062 individuis,
1088 2988 1390 3072 sequereturque,
1411 2990 1553 3050 auctore

432 3091 587 3175 Zenone,
605 3087 744 3160 nullum
758 3087 864 3183 plane
881 3111 959 3161 esse
972 3096 1124 3174 motum,
1144 3091 1267 3163 docuit
1284 3104 1410 3163 contra
1425 3091 1553 3165 Aristo-

431 3201 515 3273 teles
530 3214 605 3273 turn
623 3202 722 3274 nullo
738 3201 775 3272 in
789 3184 972 3288 continuo,
987 3202 1060 3273 sive
1076 3203 1144 3276 tale
1156 3226 1233 3276 esse
1246 3203 1388 3277 dicatur
1400 3219 1551 3303 tempus,

430 3314 503 3389 sire
520 3315 631 3401 linea,
651 3312 724 3387 sive
741 3328 877 3405 rnotus,
897 3316 1095 3412 quidquam
1110 3342 1186 3392 esse
1206 3319 1458 3414 individuum3
1479 3339 1552 3396 tum

432 3435 469 3506 in
487 3447 646 3527 tempore
663 3418 836 3529 motuque
851 3446 885 3506 et
899 3431 1183 3529 longitudinibus
1198 3457 1275 3507 esse
1285 3434 1424 3530 aliquid
1438 3437 1552 3510 conti-

432 3547 1553 3650 nuum.Nihilautemesseineontinuoquodamindividuumoel

430 3664 619 3735 confirmat
628 3684 669 3734 eo
682 3659 779 3757 quod
788 3685 903 3757 neque
915 3654 1089 3757 punctum
1107 3663 1143 3733 in
1156 3663 1247 3736 linea
1262 3688 1378 3760 neque
1393 3690 1554 3740 momen·

431 3790 528 3867 turn,
548 3788 581 3853 τὸ
598 3792 667 3869 νῦν,
690 3777 728 3848 in
753 3790 924 3872 tempore,
943 3791 1060 3872 partes
1075 3779 1177 3851 lineae
1191 3793 1276 3851 sunt
1289 3793 1350 3853 aut
1365 3784 1551 3878 temporis3

429 3907 570 3991 tempus
585 3890 681 3963 enim
698 3903 731 3963 et
743 3889 836 3962 linea
855 3891 1024 3966 continua
1037 3889 1221 3983 ridentur3
1244 3894 1280 3967 id
1295 3883 1378 3968 vero
1390 3898 1489 3991 quod
1503 3910 1555 3972 est

469 4212 508 4286 (1)
527 4200 1126 4292 uernans,a‚a.t,r.aar,aa⁵.

465 4304 505 4378 (a)
525 4304 587 4363 un.
603 4305 661 4372 vl,
674 4321 734 4381 cap.
753 4306 784 4376 1,
798 4307 897 4368 nean
