3559 5392
776 656 927 719 ..40-

295 820 412 878 motus
438 805 673 893 instauratur,
691 805 759 877 sed
780 817 895 875 motor
926 803 1002 896 ipse
1025 822 1169 894 semper
1192 813 1352 873 aeternus
1380 813 1416 872 et

294 920 387 994 idem
408 937 557 994 maneat.
576 925 709 1014 Nempe
722 931 762 990 ut
774 942 915 1013 semper
930 918 1094 1005 eumdem
1112 929 1227 989 servet
1247 913 1414 988 mouendi

291 1048 468 1124 tenorem,
492 1033 577 1106 nihil
593 1034 629 1104 in
647 1033 761 1128 ipsius
776 1046 900 1105 natura
911 1086 921 1119 ,
932 1032 1022 1103 nihil
1036 1030 1072 1103 in
1086 1055 1127 1103 eo
1143 1031 1239 1126 quod
1253 1030 1412 1125 primum

291 1161 451 1221 movetur
465 1148 565 1219 decet
579 1146 774 1219 immutari.
792 1152 906 1244 Motus
921 1169 1003 1218 vero
1019 1144 1254 1239 ille-primus,
1268 1167 1364 1216 unus
1379 1158 1413 1216 et

287 1261 382 1336 idem
406 1283 469 1355 per
499 1284 558 1347 se,
584 1283 666 1333 cum
691 1259 805 1332 uarios
826 1260 863 1331 in
888 1260 983 1331 locos
1013 1259 1241 1359 diversasque
1255 1258 1413 1329 materiae

287 1376 421 1469 species
441 1374 723 1466 ineidat‚motus
754 1374 790 1445 in
818 1372 1141 1461 variosditlueitur,
1158 1371 1205 1444 ita
1232 1385 1271 1445 ut
1293 1386 1412 1444 motus

288 1499 367 1574 coeli
382 1499 567 1573 universus
579 1522 673 1573 unus
693 1523 754 1596 per
772 1519 811 1570 se
825 1511 976 1587 maneat,
992 1497 1113 1591 plures
1128 1508 1289 1568 tamenet
1303 1495 1414 1568 dissi-

289 1613 390 1687 miles
406 1614 478 1687 sint
492 1615 712 1709 singularum
728 1636 846 1685 rerum
861 1611 1051 1684 motiones.

337 1822 387 1887 Ex
405 1837 444 1887 ea
461 1815 698 1910 disputatione
714 1815 877 1910 sequitur
897 1816 950 1910 (l)
967 1813 1003 1886 id
1018 1801 1115 1911 quod·
1133 1814 1408 1908 quaerebamus,

287 1928 421 2004 scilicet
443 1927 618 2025 quaedam,
648 1942 687 2002 ut
702 1943 808 2020 astra,
838 1940 939 2001 motu
962 1944 1095 2027 aeterno
1121 1952 1262 2022 semper
1285 1952 1358 2002 uno
1376 1943 1412 2002 et

287 2046 411 2120 ecdem
442 2045 598 2139 moreri3
616 2042 922 2138 quaetlamautem‚
943 2058 982 2115 ut
1011 2057 1095 2137 puta
1119 2054 1270 2133 terrena,
1301 2042 1410 2144 modo

288 2161 442 2247 moveri,
465 2159 570 2232 modo
587 2160 784 2255 quiescere,
805 2158 943 2247 vicibus
960 2157 1122 2244 alteruis;
1136 2166 1278 2232 causam
1305 2155 1412 2231 deni·

287 2298 359 2373 que
376 2297 577 2370 supremam
606 2274 725 2347 omnis
755 2287 873 2347 motus
911 2273 1092 2357 immotam
1113 2296 1177 2367 per
1203 2295 1240 2345 se
1264 2291 1341 2378 esse
1361 2287 1422 2347 at··

287 2403 552 2487 queaeternam.
1294 2431 1297 2438 ·

270 2676 272 2680 Α
335 2587 437 2654 Nune
454 2605 554 2668 vero,
573 2607 655 2653 cum
678 2584 751 2675 jam
776 2584 822 2655 sit
839 2582 876 2654 in
899 2597 1021 2677 aperto
1046 2597 1218 2656 meterem
1250 2581 1407 2678 primum

288 2719 432 2771 movere
454 2695 637 2785 continue,
655 2711 689 2769 et
706 2697 750 2769 ab
765 2720 806 2770 eo
821 2711 958 2768 motum
975 2698 1132 2792 primum
1151 2696 1322 2794 pendere,
1336 2700 1408 2772 dis·

285 2826 412 2910 putare
461 2813 562 2912 decet
612 2815 778 2910 quisnam
835 2815 882 2887 sit
924 2828 1042 2886 motus
1084 2815 1144 2886 ille
1188 2815 1327 2910 primus
1374 2828 1409 2886 et

289 2931 474 3026 quomodo
485 2931 676 3004 continuus
693 2931 760 3028 (2).
779 2929 936 3002 Primum
950 2943 1067 3002 autern
1086 2952 1162 3002 esse
1176 2931 1278 3002 illum
1292 2927 1355 3025 qui
1368 2931 1407 3000 fit

289 3045 326 3119 in
346 3050 437 3140 loco,
464 3072 593 3145 nempe
606 3051 782 3135 lotionem,
809 3065 918 3154 φοράν,
949 3071 992 3123 co
1005 3048 1236 3121 confirmatur
1249 3045 1345 3143 quod
1363 3046 1408 3118 ab

288 3165 350 3239 illo
375 3189 497 3239 omnes
521 3165 577 3239 alii
592 3165 809 3256 derivantur,
826 3180 873 3252 et,
891 3165 920 3237 si
942 3151 1202 3252 submoveatur,
1220 3163 1403 3238 deficiunt.

205 3293 214 3312 ·
289 3277 412 3350 Omnis
427 3278 521 3349 enim
539 3278 657 3351 auctio
672 3293 731 3351 aut
745 3277 948 3350 imminutio
970 3279 1007 3349 in
1020 3278 1177 3377 aliquam
1189 3277 1407 3352 alterationis

285 3393 439 3489 speciem
455 3391 597 3480 recidit,
613 3393 762 3491 ipsaque
775 3394 951 3492 alteratio,
966 3381 1048 3466 cum
1061 3406 1199 3467 constet
1210 3417 1251 3466 ex
1261 3417 1405 3466 concre-

287 3506 384 3581 tione
401 3521 461 3580 aut
476 3507 672 3581 secretione
684 3508 860 3604 partium,
876 3499 948 3581 non
964 3522 1079 3603 potest
1097 3509 1172 3581 lieri
1188 3508 1257 3581 nisi
1270 3506 1406 3605 aliquid

288 3624 323 3695 in
335 3625 411 3695 loco
421 3635 615 3695 moveatur.
628 3624 785 3697 Priorest
793 3623 903 3718 igitur
913 3625 1098 3721 motusqui
1112 3625 1193 3699 litin
1203 3624 1281 3698 loco
1288 3627 1407 3727 (φορά),

286 3735 456 3835 quoniam
478 3736 564 3808 nihil
589 3738 753 3811 submoto
778 3738 839 3809 illo
857 3750 972 3833 potest
998 3740 1154 3832 moveri,
1181 3740 1280 3835 prior
1302 3738 1407 3811 etiam

286 3867 462 3948 quatenus
476 3851 724 3948 praestantior,
754 3875 836 3925 cum
854 3853 952 3925 solus
969 3854 1079 3948 possit
1098 3840 1175 3929 esse
1192 3850 1405 3948 continuus,

287 3965 389 4062 prior
404 3991 468 4063 pro
481 3967 616 4041 ratione
633 3962 825 4064 temporis,
843 3992 924 4040 cum
938 3981 982 4042 eo'
994 3984 1093 4044 motu
1103 3982 1235 4042 aeterna
1248 3993 1409 4043 movean-

238 4269 240 4274 ,
326 4215 864 4290 (1)Liu.v111,erp.s,t.aos,asa.

324 4309 366 4384 (a)
385 4307 848 4390 uuvttuupnracooor.
