3559 5392
899 698 1076 794 -m—¹

414 881 515 977 prius
531 881 575 954 ad
591 905 698 978 quem
715 897 840 955 natura
857 883 1041 972 seruntur,
1062 904 1206 954 sursum
1222 903 1343 955 versus
1359 879 1451 971 alia,
1474 881 1541 955 alia

415 997 603 1085 deorsum3
625 1018 736 1089 quum
757 1009 875 1069 autem
893 995 982 1068 nihil
1000 996 1098 1069 sitin
1114 995 1257 1068 inlinito
1274 997 1371 1092 quod
1391 1017 1538 1068 sursum

413 1123 476 1185 aut
491 1113 657 1183 deorsum
684 1110 842 1197 dicatur,
862 1133 928 1183 uec
953 1109 1085 1183 moveri
1104 1109 1299 1205 possentiu
1314 1110 1381 1184 isto
1395 1108 1540 1181 infinito

414 1247 584 1320 corpora,
621 1248 687 1299 nee
706 1223 909 1322 quiescere.

464 1465 638 1550 Quoniam
653 1464 761 1561 igitur
777 1462 917 1537 smitum
930 1477 984 1538 est
995 1485 1125 1560 corpus
1138 1463 1217 1561 (l),
1235 1463 1329 1536 nihil
1346 1463 1452 1560 plane
1469 1475 1541 1536 tota

416 1580 455 1651 in
487 1593 613 1655 natura
638 1579 819 1651 infinitum
840 1601 918 1651 esse
943 1591 1057 1674 potest
1075 1605 1083 1650 ε
1101 1579 1216 1652 Finita
1244 1578 1341 1652 enim
1365 1600 1444 1652 esse
1468 1579 1543 1651 ele·

416 1712 534 1768 menta
546 1717 738 1789 corporum
750 1717 895 1767 necesse
909 1706 981 1779 est,
996 1717 1109 1790 quum
1124 1692 1264 1765 nullum
1280 1693 1327 1766 sit
1343 1694 1454 1766 linitae
1470 1716 1542 1766 ma·

416 1808 610 1904 gnitudinis
619 1808 834 1881 elementum
845 1807 1027 1903 inlinitum
1037 1833 1047 1898 ;
1059 1809 1331 1882 linitumeodem
1345 1821 1450 1904 pacto
1463 1807 1545 1904 spa·'

416 1925 504 2017 tium
517 1925 554 1995 in
572 1947 644 2019 quo
659 1946 808 2022 corpora
821 1938 1024 2011 mouentum
1042 1925 1198 2020 spatium
1217 1924 1312 1997 enim
1327 1937 1466 2004 nonest
1475 1947 1541 2018 per
1581 1986 1583 1991 .

416 2063 453 2112 se
465 2038 612 2134 aliquid,
626 2057 745 2134 neque
757 2038 956 2135 sejungitur
966 2062 992 2111 a
1006 2039 1232 2134 corporibus,
1249 2038 1311 2114 sed
1324 2038 1542 2122 e'osdemhae

414 2156 475 2229 het
487 2151 672 2237 terminos,
690 2153 821 2226 finibus
833 2149 968 2226 eisdem
985 2154 1202 2226 continetur.

466 2381 583 2462 Quum
605 2371 716 2470 igitur
735 2372 869 2469 placeat
894 2371 1076 2446 Aristoteli
1096 2371 1133 2443 iu
1155 2393 1268 2445 uuum
1286 2373 1486 2447 coalescere
1507 2390 1544 2449 et

400 2490 586 2567 conlundi
601 2512 733 2583 corpus
752 2500 787 2559 et
807 2487 983 2582 spatium,
1015 2486 1104 2558 nihil
1130 2498 1247 2558 autem
1265 2486 1363 2559 aliud
1383 2489 1543 2582 supersit

416 2606 512 2700 quod
535 2605 674 2675 dicatur
693 2625 757 2696 per
783 2623 821 2672 se
844 2614 878 2674 et
897 2610 1059 2698 ἐντελεχείᾳ
1081 2601 1262 2673 infinitum
1280 2656 1290 2690 ‚
1317 2602 1481 2698 sequitur
1502 2617 1545 2676 ut

417 2716 513 2790 nulla
528 2714 674 2788 omniuo
696 2714 744 2787 sit
765 2716 830 2787 ista
850 2715 991 2789 laudata
1011 2738 1030 2788 a
1051 2714 1207 2811 physicis
1228 2714 1402 2804 infinitas,
1421 2732 1483 2789 aut
1503 2719 1543 2791 in

416 2854 536 2905 rerum
562 2829 684 2925 aliquo
704 2830 829 2902 habitu
848 2846 883 2903 et
904 2838 959 2917 ἕξει
977 2844 1134 2905 versetur
1159 2833 1225 2926 (2).
1249 2835 1382 2926 Nempe
1404 2831 1543 2904 dicitur

415 2947 555 3019 infinita
580 2966 657 3017 esse
680 2944 888 3040 magnitudo
909 2969 951 3019 eo
968 2945 1065 3041 quod
1090 2968 1229 3039 semper
1250 2968 1292 3017 ex
1319 2945 1377 3016 illa
1401 2945 1542 3018 detrahi

416 3059 554 3155 aliquid
582 3073 714 3154 potest,
748 3063 991 3158 semperaddi
1021 3060 1179 3157 aliquid,
1207 3083 1279 3131 non
1300 3061 1347 3145 ita
1364 3076 1483 3132 tamen
1501 3075 1544 3134 ut

417 3178 620 3272 magnitudo
641 3176 739 3249 finita
760 3176 941 3271 molesque
961 3176 1068 3249 totius
1090 3175 1244 3251 materiae
1266 3174 1428 3248 auctione
1455 3199 1545 3248 eon-

417 3291 516 3362 tinua
535 3305 762 3384 superentur.
786 3296 941 3384 Tempus
958 3293 1081 3363 eodem
1106 3306 1208 3386 pacto
1224 3288 1423 3378 infinitum,
1446 3314 1544 3385 quo-

416 3405 511 3477 niam
529 3403 606 3478 sine
624 3404 693 3477 fine
706 3403 873 3477 elabitur.
890 3405 1147 3477 Constatenim
1163 3406 1373 3499 intempore
1390 3417 1424 3477 et
1440 3417 1542 3479 mutu

416 3520 573 3592 infinitas
590 3541 631 3591 ex
651 3518 821 3592 continua
845 3520 1069 3593 successione
1091 3543 1231 3612 rerum,
1250 3519 1348 3590 finita
1368 3518 1539 3614 quidem,

415 3636 477 3708 sed
492 3657 572 3731 quae
588 3634 666 3705 siue
680 3635 750 3704 lme
764 3633 926 3706 iteretur.
949 3641 1023 3707 Hoc
1042 3656 1126 3729 ergo
1150 3634 1246 3728 quod
1263 3632 1445 3705 infinitum
1462 3656 1543 3707 esse

414 3749 649 3845 praedicamus
673 3746 730 3846 (3)
753 3761 807 3820 est
830 3749 968 3820 ¹[lunum
990 3764 1025 3821 et
1042 3747 1355 3823 indeterminatum
1379 3746 1538 3842 aliquid,

361 3857 364 3864 ’
415 3865 514 3937 nulla
539 3863 686 3959 propria
705 3874 850 3952 natura,
879 3864 977 3936 nulla
999 3863 1118 3959 specie
1137 3863 1307 3959 peculiari
1324 3862 1541 3962 praeditum,

444 4205 485 4280 (ι)
502 4204 567 4263 ιιι.
582 4204 643 4276 ιιι,
655 4221 716 4278 cap.
729 4206 763 4275 o,
780 4205 799 4261 r.
815 4204 887 4273 aot,
904 4203 968 4265 aar.
1037 4162 1040 4167 ’

447 4294 488 4368 (ιι
507 4293 568 4349 ιιι).
582 4292 644 4359 ιιι,
658 4309 718 4368 cap.
734 4294 766 4359 7,
783 4292 803 4349 ι.
814 4293 878 4351 eor.

450 4381 492 4456 (a)
510 4381 571 4439 uu.
584 4381 645 4451 ιιι,
660 4397 721 4456 up.
733 4383 768 4458 ι,
783 4381 803 4437 r.
819 4381 883 4439 nor.
