3559 5392
847 671 1006 734 ..34-

366 844 473 919 eliam
488 843 623 938 requiri
645 859 685 918 ut
704 844 863 918 eamdem
881 845 986 939 quasi
1018 846 1215 940 subjectam
1237 859 1401 926 naturam
1427 847 1494 919 laa-

364 961 490 1050 hena
515 973 660 1053 utputa
684 960 716 1032 si
735 960 793 1033 hie
815 973 934 1032 molus
952 975 1046 1035 reeta
1066 960 1212 1050 feratur,
1234 959 1298 1032 ille
1320 975 1493 1034 curvetur

364 1075 404 1147 in
436 1073 586 1158 orbem,
618 1071 772 1145 conferri
803 1097 876 1145 non
903 1097 1035 1167 posse,
1066 1098 1148 1147 eum
1184 1099 1257 1160 nen
1287 1073 1325 1146 in
1353 1074 1490 1148 eisdem

365 1203 562 1263 versentur.

417 1404 521 1490 Quod
543 1401 575 1475 si
595 1403 765 1482 habeatur
786 1401 878 1477 ratio
897 1401 950 1475 ris
968 1402 1163 1492 moventis,
1190 1405 1438 1502 temporisque
1457 1422 1493 1485 et

366 1518 537 1617 ponderis
566 1518 638 1615 (l),
674 1518 727 1590 vis
752 1515 874 1589 eadem
902 1519 1043 1612 pondus
1066 1540 1212 1613 aequum
1240 1542 1306 1612 pru
1332 1531 1493 1617 tempore

369 1634 545 1727 movebil;
563 1633 663 1706 uerbi
674 1655 793 1722 causa,
810 1633 1053 1727 duplicabitur
1064 1648 1181 1707 mulus
1194 1648 1354 1728 tempora
1368 1634 1494 1732 dupla,

371 1752 512 1844 eritque
536 1747 683 1821 dimidia
705 1746 742 1819 in
773 1761 873 1840 parte
898 1747 1068 1841 temporis
1090 1745 1238 1820 dimidie
1262 1747 1398 1838 min0r3
1431 1749 1494 1824 sed

370 1888 489 1959 neque
507 1863 629 1935 eadem
655 1861 707 1935 vis
724 1860 865 1956 pondus
879 1862 1029 1956 duplex,
1051 1885 1169 1957 neque
1189 1862 1336 1936 dimidia
1353 1867 1494 1959 pondus

370 1979 465 2052 idem
480 1992 640 2071 tempore
655 1976 766 2071 duple
782 1977 957 2064 movebit,
972 1977 1040 2049 nisi
1058 1975 1274 2052 concedatur
1293 1977 1363 2048 vim
1378 2000 1494 2073 quan-

371 2092 640 2184 lulameumque
663 2090 791 2162 melem
817 2091 1026 2163 immensam
1056 2114 1197 2165 movere
1219 2113 1323 2185 pesse
1336 2145 1347 2178 ‚
1377 2095 1498 2187 qued-

308 2260 311 2264 >
373 2206 518 2305 quidem
534 2205 663 2277 rationi
684 2190 870 2300 repugnat.
883 2207 984 2278 Adde
1000 2207 1107 2278 eliam
1120 2229 1198 2278 eam
1218 2206 1330 2299 legam
1350 2229 1423 2279 nnn
1441 2229 1497 2283 su·

373 2326 449 2396 lum
472 2323 505 2395 ei
523 2319 633 2394 malui
653 2319 770 2413 quiin
796 2321 874 2392 lecu
898 2323 960 2406 fia,
978 2322 1041 2392 sed
1061 2320 1160 2395 omni
1183 2319 1382 2394 alterationi
1413 2341 1499 2392 aue·

374 2436 566 2533 lienique,
610 2433 762 2530 singulis
790 2433 947 2532 denique
986 2435 1245 2508 mutationibus
1274 2435 1365 2507 bene
1389 2457 1497 2508 eun·

374 2572 518 2646 gruere.

914 2738 957 2805 X.

376 2964 385 2972 ’
424 2973 499 3040 lam
522 2950 744 3062 compertum
765 2965 937 3061 hahemus
955 2990 1098 3040 eausam
1120 2973 1237 3042 molus
1254 2994 1331 3044 esse
1344 2971 1497 3067 aliquam

376 3083 551 3179 primam,
579 3106 661 3155 cum
687 3083 845 3180 eoquod
870 3096 1030 3156 movetur
1053 3083 1301 3180 conjunctam,
1330 3099 1367 3160 et
1387 3111 1500 3186 perse
1554 3167 1557 3172 ,

376 3211 590 3270 moventem.
614 3202 715 3270 Nunc
729 3210 845 3270 autem
862 3196 892 3269 si
907 3197 1183 3271 intellexerimus
1195 3224 1361 3309 quaenam
1378 3202 1423 3275 sil
1436 3226 1499 3299 per

379 3333 416 3383 se
433 3308 491 3380 illa
509 3332 637 3397 eausa,
674 3323 795 3381 utrum
820 3333 862 3382 ex
884 3311 1030 3384 materia
1051 3330 1215 3387 concreta
1239 3338 1284 3387 an
1301 3307 1501 3411 sejunctae

379 3423 591 3513 sensilibus,
615 3423 833 3496 mortalisne
852 3438 1000 3515 aeterna,
1025 3428 1143 3523 quavi
1160 3411 1499 3526 deniqueamoveat,

379 3540 447 3612 erit
463 3541 620 3634 physicae
647 3539 705 3612 isti
731 3529 1208 3640 interpretationilanquam
1234 3544 1412 3641 fastigium
1429 3545 1502 3618 im-

378 3653 547 3750 positum.
570 3655 645 3725 Sed·
659 3666 698 3725 ut
715 3654 854 3725 lucilius
874 3657 1010 3728 eluceat
1028 3657 1065 3729 id
1086 3661 1181 3753 quod
1195 3659 1414 3754 quaerimus,
1435 3663 1503 3735 hoc

378 3765 537 3864 primum
550 3767 798 3861 praemittatur,
819 3768 957 3840 nullum
969 3795 1127 3867 unquam
1144 3773 1255 3846 luisse
1271 3774 1411 3855 initium
1429 3801 1503 3848 mo-

378 3893 457 3971 tus,
494 3882 630 3954 nullum
663 3872 952 3965 finemlulurum
976 3889 1043 3986 (1).
1082 3893 1268 3960 AEternum
1300 3890 1398 3963 enim
1426 3914 1503 3964 esse

378 4012 513 4070 motum
533 4013 569 4070 et
588 3997 686 4070 nullo
706 3999 874 4094 temporis
892 4014 1026 4095 puncto
1042 4000 1248 4075 inchoatum
1267 4026 1309 4074 ex
1328 4004 1403 4099 ipsa
1424 4029 1502 4078 mu·

413 4315 452 4389 (l)
470 4313 532 4373 lib.
545 4313 706 4390 Vlll,eap.
723 4313 947 4388 insamae.
991 4370 996 4380 .
