3559 5392
884 625 1043 690 ..46-
1153 690 1162 713 ⁹

403 773 570 853 delibavit
581 802 756 855 summam
771 792 931 868 naturae,
945 779 1033 851 alter
1048 777 1086 850 in
1100 773 1359 851 intimosillius
1372 794 1525 847 recessus

406 894 537 968 mentis
551 895 719 968 acumine
739 894 954 990 penetravit.

456 1139 559 1227 Quod
569 1139 614 1214 ad
623 1138 1019 1234 inlinitum,spatiumet
1028 1136 1316 1233 tempusattinet,
1326 1134 1526 1213 unllietitn

407 1256 569 1353 priorum
584 1254 710 1326 cedere
732 1252 940 1325 Aristoteles
953 1250 1111 1326 videtur:
1132 1275 1212 1327 nam
1233 1275 1349 1348 quum
1369 1251 1527 1346 plerique

408 1371 553 1444 illorum
572 1368 725 1443 breuiter
743 1382 780 1440 et
797 1382 836 1439 ut
860 1366 958 1441 aliud
972 1383 1116 1462 agentes
1133 1367 1199 1439 ista
1218 1366 1406 1461 principia
1428 1366 1527 1441 attin·

408 1499 511 1582 gant,
535 1498 571 1560 et
595 1482 725 1557 ruentis
752 1496 892 1557 tanturn
922 1483 1087 1576 conjectu
1114 1481 1175 1554 illa
1191 1480 1421 1576 concipiant,
1444 1503 1529 1556 uuu-

409 1623 517 1696 quam
539 1621 621 1671 uero
638 1597 758 1693 qualia
772 1598 846 1670 sint
865 1597 1049 1691 proferant
1068 1597 1107 1669 in
1126 1595 1303 1682 medium,
1324 1596 1467 1690 primus
1481 1593 1529 1667 ltic

411 1729 530 1789 noster
547 1713 584 1784 in
596 1735 637 1784 eu
650 1712 851 1784 delinienda
871 1725 1027 1784 mentem
1043 1708 1215 1807 intendit,
1228 1723 1265 1783 et
1280 1710 1467 1804 aptissime
1480 1709 1529 1780 illu

411 1827 475 1900 toti
489 1849 563 1899 suaa
579 1825 779 1920 disciplinae
801 1829 1064 1917 accommodat,
1076 1810 1116 1898 in
1131 1848 1174 1898 eo
1187 1839 1307 1927 tamen
1329 1825 1533 1907 claudicans

412 1939 509 2037 quod
529 1965 601 2015 non
615 1955 711 2014 extra
730 1965 901 2014 sensuum
928 1942 1131 2035 conjectum
1149 1939 1331 2011 inlinitum
1354 1938 1545 2039 continuat
1566 1976 1569 1983 ·

415 2080 531 2152 neque
545 2073 685 2152 tempus
699 2080 719 2128 a
740 2073 840 2129 rnotu
853 2056 1020 2150 sejungit,
1033 2079 1098 2127 nec
1112 2055 1268 2149 spatium
1279 2075 1299 2125 a
1311 2053 1532 2148 corporibus.

414 2172 484 2242 Sed
501 2196 572 2243 non
590 2172 704 2245 multo
715 2171 825 2244 satius
842 2171 925 2261 alii3
944 2193 1069 2243 omnes
1084 2169 1180 2241 enim
1196 2168 1247 2269 illi
1267 2168 1433 2262 priores,
1450 2167 1535 2243 iuter
1579 2166 1580 2177 ’

416 2309 506 2382 quos
522 2285 598 2381 ipse
617 2285 732 2375 Plato,
753 2310 825 2358 non
844 2299 941 2358 extra
954 2285 1125 2357 terminus
1144 2282 1340 2355 indelinitae
1353 2280 1537 2379 cujusdam

416 2401 662 2474 multitudiuis
689 2401 868 2473 inlinitum
888 2400 1078 2473 extendere
1094 2399 1278 2487 videntur,
1302 2419 1423 2494 neque
1452 2391 1540 2469 teui-

416 2538 484 2609 pus
498 2538 518 2585 a
532 2528 630 2588 motu
649 2530 710 2587 aut
727 2517 771 2587 ab
792 2517 867 2608 ipsa
898 2515 1037 2610 sphaera
1066 2512 1199 2585 coelesti
1232 2520 1411 2606 separare.
1437 2515 1543 2593 Recte

418 2639 535 2696 tamen
558 2626 702 2698 Eleatici
719 2640 755 2699 et
774 2627 849 2722 ipse
862 2628 960 2699 Plato
973 2631 1048 2718 (l),
1069 2650 1146 2699 esse
1164 2624 1298 2723 aliquid
1316 2625 1445 2712 inane,
1466 2644 1544 2727 spu·

419 2738 509 2812 tium
525 2764 653 2836 nempe
672 2766 840 2835 vacuum,
862 2743 899 2812 in
915 2765 987 2837 quo
1006 2765 1155 2836 corpora
1170 2741 1342 2814 leuantur.
1359 2741 1426 2812 Vix
1447 2739 1545 2814 enim

419 2855 567 2952 intelligi
586 2870 703 2950 potest
722 2856 988 2929 Aristotelicum
1012 2855 1130 2944 istud,
1163 2857 1309 2951 plenum
1335 2880 1413 2933 esse
1441 2880 1548 2931 omne

422 2972 592 3067 spatium,
610 2986 645 3043 et
665 2993 811 3067 corpora
830 2994 901 3043 uon
914 2970 1076 3066 semiper
1089 2969 1213 3058 inane,
1232 2974 1294 3044 sed
1309 2973 1434 3051 librari
1454 2996 1548 3071 quo·

422 3087 502 3159 dum
519 3088 624 3158 modo
644 3110 786 3159 omnem
808 3086 935 3158 molem
954 3094 1178 3181 corpoream,
1201 3086 1249 3158 ita
1275 3100 1314 3159 ut
1336 3090 1381 3163 ad
1410 3099 1548 3167 [notum

426 3200 514 3270 nihil
529 3201 688 3275 conserat
707 3202 830 3292 inane,
852 3199 914 3273 sed
931 3201 1050 3296 potius
1068 3201 1213 3276 officiat.
1281 3266 1283 3269 .

476 3429 545 3506 Sed
559 3431 595 3503 in
611 3456 652 3505 eo
668 3394 711 3507 id
725 3433 851 3528 primis
865 3435 1071 3510 Aristoteles
1089 3438 1269 3511 antecellit
1281 3439 1369 3512 alios
1382 3439 1481 3538 qnod
1496 3465 1553 3537 pc·
1575 3443 1578 3448 ’

428 3548 574 3621 netratis
594 3549 699 3622 altius
717 3552 851 3638 causis,
880 3552 1119 3648 detractisque
1149 3576 1232 3626 casu
1259 3567 1294 3626 et
1321 3555 1487 3644 lortnna,
1514 3555 1553 3629 in

427 3684 568 3734 summo
603 3660 729 3735 ordine
762 3679 924 3743 naturam
952 3690 1093 3738 omnem
1118 3668 1316 3741 collocavit.
1347 3675 1435 3753 Nutu
1469 3695 1554 3747 curu

430 3766 530 3836 multi
546 3765 692 3865 fortuito
704 3771 870 3842 accedere
887 3771 1005 3844 omnia
1031 3786 1238 3866 censerent3
1269 3775 1297 3845 si
1314 3777 1454 3865 minue,
1474 3776 1555 3848 sor-

430 3895 551 3954 tunam
570 3905 652 3953 curn
683 3898 800 3956 mente
826 3885 1121 3960 divisum-habere
1144 3888 1358 3984 imperium;
1385 3892 1554 3967 nonnulli

466 4234 506 4311 (l)
523 4195 886 4314 utro.‚p.5n,tu.uecler.
