3559 5392
895 676 1051 734 ..10-

414 824 568 900 extiterit
582 826 796 900 elementum
816 825 1039 920 simplicius,
1066 826 1261 923 siveaqua,
1282 827 1355 901 sire
1369 828 1483 924 ignis,
1503 826 1545 898 in

414 974 486 1046 quo
505 972 608 1022 causa
631 949 678 1022 sit
703 973 767 1021 eur
787 949 924 1045 lignum
946 949 1064 1043 ipsum
1092 964 1284 1040 mereatur,
1311 964 1475 1023 constare
1496 946 1545 1024 ex*

342 1071 345 1076 ’
412 1064 479 1139 isto
495 1064 668 1137 elemento
686 1079 848 1136 naturam
866 1078 962 1136 recte
976 1064 1276 1138 contenderimus.

463 1271 490 1336 E
509 1268 686 1342 contrario
712 1283 827 1342 autern
848 1271 901 1361 (t)
921 1267 1060 1340 videtur
1085 1281 1212 1341 natura
1231 1270 1373 1342 rectius
1391 1271 1435 1342 ad
1461 1270 1543 1344 ior-

413 1404 506 1453 mam
520 1382 642 1456 referri
653 1404 758 1480 quam
769 1386 812 1457 ad
826 1383 1027 1472 materiam,
1039 1384 1209 1477 quoniam
1219 1406 1290 1457 non
1300 1384 1455 1457 dicimus
1463 1406 1541 1459 esse

412 1496 449 1567 in
469 1498 593 1594 aliquo
612 1512 795 1585 naturam,
822 1498 853 1569 si
875 1509 1014 1570 tantum
1042 1518 1119 1569 esse
1138 1513 1267 1594 queat,
1289 1512 1419 1597 Δυνάμει
1439 1509 1477 1598 ᾖ,
1506 1513 1541 1574 et

413 1614 571 1700 nondum
592 1613 656 1701 sit,
679 1613 739 1684 sed
754 1613 783 1685 si
799 1612 949 1685 sormam
970 1610 1066 1685 iilam
1078 1612 1151 1707 jam
1173 1611 1331 1685 induerit
1348 1636 1412 1708 per
1430 1635 1545 1709 quam·-

412 1725 501 1799 iliud
516 1728 718 1800 definimus.
734 1728 826 1811 Quin
840 1727 946 1800 etiam
963 1727 1109 1799 sormam
1128 1748 1148 1798 e
1166 1727 1278 1799 torma
1293 1727 1423 1800 exoriri
1439 1728 1541 1802 vitie-

413 1866 513 1930 mus,
541 1844 586 1914 ab
605 1843 747 1916 homine
770 1845 947 1916 hominem
967 1843 1148 1938 generari3
1175 1857 1217 1915 ex
1230 1857 1309 1938 ‘quo
1326 1843 1481 1916 efficitur
1500 1857 1541 1918 ut

412 1971 574 2030 naturam
592 1959 628 2030 in
649 1960 760 2031 iorma
776 1959 917 2032 insitam
933 1982 1011 2032 esse
1019 1958 1238 2030 arbitremur
1250 1971 1286 2030 et
1298 1981 1375 2032 esse
1386 1959 1539 2037 formant

412 2096 532 2145 rerum
552 2098 632 2169 quae
649 2089 764 2148 motus
783 2075 1005 2169 principium
1021 2074 1060 2144 in
1087 2072 1123 2144 se
1138 2074 1291 2160 habent,
1319 2074 1474 2146 formam
1490 2089 1540 2147 ta·

413 2182 492 2261 m'en
503 2212 578 2263 eam
590 2188 798 2286 quaedireiii
811 2212 830 2261 a
841 2189 986 2261 materia
1001 2211 1069 2259 non
1084 2187 1310 2281 possitaIiter
1326 2210 1432 2283 quam
1443 2211 1541 2261 men·

411 2302 456 2375 tis
475 2305 631 2397 actione,
656 2328 694 2378 re
712 2317 829 2378 autem
851 2317 885 2377 et
907 2315 1011 2391 actu,
1034 2296 1232 2400 Εντελιχείᾳ,
1250 2325 1390 2397 semper
1405 2304 1540 2397 adjun-

411 2432 525 2515 gatur.
546 2426 608 2495 Est
625 2421 732 2518 igitur
751 2432 878 2492 natura
893 2418 1090 2492 substantia
1111 2439 1231 2490 rerum
1251 2431 1286 2489 et
1299 2417 1434 2505 forma,
1454 2419 1543 2495 οὐσία·

411 2540 461 2610 καὶ
477 2540 567 2622 etium
589 2537 686 2608 unde
700 2536 863 2630 sequitur
883 2518 936 2626 (2)
954 2534 1122 2629 adjuncta
1140 2531 1191 2604 itti
1209 2554 1286 2605 csse
1300 2546 1455 2627 quatuor
1471 2533 1538 2606 ista

411 2644 588 2744 principia
613 2646 656 2721 ad
681 2670 761 2744 quae
781 2637 940 2721 traduxit
962 2647 1169 2720 Aristoteles
1191 2640 1392 2719 uniuersam
1416 2666 1539 2720 rerum

410 2762 588 2854 notitiam,
623 2784 751 2859 nempe
774 2762 956 2835 materiam
982 2775 1017 2835 et
1034 2762 1206 2849 formam,
1227 2776 1418 2857 motusque
1438 2763 1539 2856 prin-

410 2877 563 2973 cipium,
581 2890 615 2950 et
631 2880 751 2966 finem,
767 2890 820 2960 τὴν
838 2886 927 2964 ὕλην,
945 2887 979 2956 τὸ
992 2883 1083 2964 εἶδος,
1101 2889 1153 2958 τὴν
1165 2889 1321 2976 ἀρχήντῆς
1333 2890 1491 2970 κινήσεως,
1503 2886 1536 2955 τὸ

410 2999 501 3080 τέλος.
515 2998 697 3078 Quatenus
711 2994 804 3067 enim
826 3016 945 3066 rerum
963 2994 1076 3066 forma
1090 3005 1160 3080 est,
1179 2992 1399 3089 principium
1415 3006 1539 3066 motus·

410 3110 532 3196 habet,
553 3109 720 3204 quoniam
743 3103 855 3184 ¹forma
872 3132 914 3182 ex
929 3109 1042 3182 forma
1054 3108 1232 3200 exoritura
1250 3121 1412 3181 constare
1429 3108 1540 3183 etiarn

410 3222 505 3293 iliam
532 3247 573 3296 ex
592 3225 738 3296 materia
766 3225 993 3320 perspicuum
1018 3225 1075 3309 fit,
1101 3247 1183 3296 cum
1205 3223 1353 3319 singulis
1377 3225 1535 3298 motibus

409 3337 528 3432 aliqua
543 3359 682 3434 semper
693 3337 853 3439 subjecta
866 3341 913 3411 sit
930 3339 1094 3436 materia;
1113 3352 1250 3411 certum
1266 3339 1424 3434 denique
1436 3363 1535 3434 spec.-

410 3464 485 3524 tnre
502 3449 547 3522 ad
568 3451 672 3523 finem
686 3460 854 3523 naturam
867 3437 992 3549 liquet,
1015 3475 1126 3548 quum
1142 3452 1236 3524 sitin
1254 3477 1293 3524 ea
1313 3452 1538 3548 principium·

410 3581 549 3654 motus,
574 3568 691 3640 omnis
713 3581 831 3640 autem
850 3582 969 3642 motus
982 3568 1345 3664 continuusaliqucm
1363 3569 1407 3642 ad
1423 3573 1532 3642 tinem

411 3681 631 3754 intendatur.
712 3683 725 3733 ἵ
1029 3697 1032 3707 ’

458 3884 611 3957 utorium
630 3884 667 3956 in
688 3885 756 3957 hoc
774 3897 981 3979 argumenta
1007 3883 1385 3971 cuntulitaristoteles
1407 3900 1448 3958 ut
1469 3908 1537 3981 up.

408 4001 574 4094 probaret
594 3997 755 4073 naturam
772 4013 909 4074 certum
927 3998 1033 4072 flnem
1047 3997 1117 4073 sihi
1136 3998 1359 4094 propositum
1374 3999 1528 4088 habere,

446 4204 827 4330 (1JL.11‚eap.a‚t1et.
866 4204 869 4209 Ι
1022 4303 1026 4309 .

444 4346 486 4417 (2)
505 4343 567 4402 Lib.
581 4344 627 4414 11,
640 4362 701 4421 cap.
714 4346 815 4421 ieta,
826 4348 846 4405 t.
861 4346 931 4414 195,
948 4342 1014 4422 tau}
1055 4351 1062 4415 j
1121 4342 1124 4347 ’
