3559 5392
807 558 965 614 ...5⁴2-

321 699 423 795 plura
439 723 458 770 e
473 723 553 771 vero
567 695 1000 792 expressoinvenerimus3
1019 716 1099 787 quae
1119 693 1330 767 bretissime
1342 695 1452 766 strin-

322 837 447 917 gamus
463 842 470 882 :

372 1034 447 1099 Non
478 1030 595 1123 ungui
617 1044 734 1101 autem
763 1029 1013 1101 estimandum
1041 1028 1180 1098 videtur
1205 1024 1388 1120 quidquid
1408 1026 1450 1098 de

324 1155 420 1213 motu
438 1143 588 1236 ejusque
611 1158 733 1215 natura
762 1143 798 1213 in
817 1142 1021 1214 universum
1041 1141 1197 1236 disputat
1216 1139 1444 1229 Aristotelem

324 1280 404 1328 nam
423 1257 562 1328 etiamsi
593 1258 729 1329 evincat
756 1272 874 1330 motus
901 1280 1025 1330 omnes
1053 1257 1089 1327 in
1128 1277 1239 1326 unum
1263 1253 1446 1339 recidere,

323 1372 554 1466 primumque
571 1372 731 1443 omnium
758 1395 835 1443 esse
855 1372 952 1442 hunc
985 1372 1047 1465 qui
1065 1370 1102 1440 in
1128 1367 1446 1452 emendentur,

326 1485 463 1555 nulium
482 1492 601 1558 autem
618 1486 725 1557 alium
745 1486 957 1558 continuum
972 1505 1050 1556 esse
1074 1498 1109 1556 et
1126 1483 1328 1570 infinitum,
1360 1481 1449 1577 quid

324 1600 467 1670 demum
488 1601 554 1672 ista
584 1602 772 1672 conserunt
790 1598 834 1672 ad
857 1614 993 1671 neturae
1021 1611 1209 1692 motusque
1223 1595 1339 1690 ipsius
1359 1597 1450 1668 noti·

325 1715 431 1800 tiam,
454 1712 540 1808 quid
562 1717 606 1787 ad
624 1716 769 1786 motoris
784 1715 1048 1808 cognitionem?
1065 1726 1238 1785 meterem
1253 1711 1351 1784 enim
1371 1734 1451 1784 esse

325 1843 498 1899 oeternum
512 1841 546 1901 et
560 1828 742 1901 inlinitum
758 1829 989 1901 nihilominus
1002 1827 1135 1900 erinoit
1144 1827 1172 1898 si
1187 1826 1310 1898 finitus
1328 1840 1453 1899 motus

327 1942 372 2013 sit
396 1967 503 2037 quam
527 1945 557 2014 si
580 1944 764 2031 infinitus,
790 1945 934 2015 sirecte
960 1942 1119 2013 serantur
1145 1939 1266 2012 omnia
1284 1961 1395 2032 quam
1421 1940 1453 2012 si

326 2056 472 2151 oblique
500 2060 700 2130 flectantur.
732 2059 829 2129 Scire
855 2072 974 2128 autem
995 2078 1107 2150 quum
1133 2055 1318 2151 prodesset
1334 2056 1452 2128 multo

330 2175 449 2245 minus
463 2172 577 2266 qualis
603 2173 648 2245 sit
666 2197 728 2268 per
757 2195 795 2243 se
820 2185 955 2258 motus,
972 2193 1079 2265 quum
1098 2169 1213 2263 qualis
1240 2168 1278 2239 in
1293 2168 1454 2264 singuiis

328 2289 437 2360 rebus
450 2285 753 2382 deprehendatur,
775 2311 864 2382 quas
875 2287 1123 2373 rioeshabent‚
1139 2285 1295 2379 qualege
1309 2283 1453 2380 singula

329 2426 477 2495 corpora
487 2418 705 2490 moveantur,
724 2426 781 2473 eas
796 2402 1012 2494 quaestiones
1024 2415 1084 2472 aut
1094 2399 1214 2472 omisit
1228 2397 1449 2488 Aristoteles,

329 2530 390 2584 aut
404 2536 476 2585 uno
501 2515 606 2585 verbo
623 2516 734 2586 nodos
754 2538 878 2587 omnes
895 2515 1014 2601 solvit,
1039 2514 1084 2585 ad
1096 2513 1271 2586 diversam
1288 2513 1451 2586 locorum

331 2644 491 2700 naturam
506 2630 671 2724 variaque
687 2629 840 2701 materiae
858 2630 1015 2724 pondero
1035 2630 1258 2724 confugiens.

381 2876 475 2958 Quid
495 2899 601 2971 porro
627 2877 821 2949 sentiamus
839 2880 883 2950 de
902 2878 963 2949 itto
980 2900 1150 2971 corporeo
1174 2876 1452 2971 complexuque

331 2991 425 3084 cingi
440 3007 602 3063 naturam
617 3016 758 3064 omnem
771 2993 976 3081 arbitratur,
987 2992 1129 3088 xcuique
1141 2991 1281 3086 religari
1297 2990 1455 3085 quodam

334 3103 437 3177 modo
469 3129 649 3179 summum
676 3110 949 3198 moderatorem,
978 3132 998 3180 e
1020 3122 1120 3202 perte
1144 3126 1309 3200 suprema
1329 3104 1456 3177 mundi

332 3220 448 3291 omnia
461 3223 685 3292 moventem?
702 3225 799 3315 quod
813 3224 959 3316 quidem
974 3221 1211 3318 metaphorice
1223 3217 1361 3292 dictum
1379 3241 1459 3292 ere·

334 3333 504 3430 diderim3
525 3335 554 3407 si
577 3337 710 3424 minuS,
733 3338 922 3421 Aristotele
937 3339 1085 3411 omnino
1103 3336 1304 3432 indignum.

332 3640 335 3645 .
383 3586 477 3654 Nihil
496 3601 548 3657 est
564 3609 645 3656 vero
658 3582 754 3679 quod
768 3587 1071 3679 reprehendamus
1087 3588 1122 3657 in
1137 3609 1177 3658 ea
1192 3586 1331 3660 ratione
1348 3609 1460 3678 quam

334 3711 477 3769 secutus
505 3699 711 3771 Aristoteles
734 3722 753 3771 e
776 3702 931 3773 motibus
955 3702 1061 3774 variis
1090 3718 1125 3774 et
1152 3701 1282 3788 finitis,
1307 3698 1350 3772 ed
1376 3722 1460 3774 mo·

334 3826 446 3884 torem
469 3836 593 3902 unum,
608 3826 781 3887 oeternum
797 3829 832 3907 et
846 3816 1026 3889 inlinitum
1040 3819 1142 3913 erigit
1159 3832 1358 3905 mentemst
1376 3837 1460 3885 sen-

335 3925 534 4022 silibusque
555 3931 598 4001 ud
619 3931 773 4003 coelestia
797 3945 832 4008 et
858 3931 1066 4027 incorporea
1101 3931 1276 4003 evehitur.
1313 3927 1461 3999 Nullum

334 4040 441 4110 otiam
462 4043 577 4114 iocum
598 4046 745 4139 antiqua
764 4046 799 4116 in
814 4048 1039 4141 philosophie
1059 4047 1169 4142 magis
1179 4043 1459 4118 laudaverimus.

336 4162 385 4245 Eo
404 4157 497 4226 eninr
525 4158 560 4227 in
588 4161 714 4251 primis
733 4178 901 4254 proestare
925 4164 1129 4238 Aristoteles
1156 4164 1294 4236 videtur
1320 4161 1459 4254 priores
