3559 5392
803 618 962 676 ..32-.

320 796 404 870 ergo
423 773 539 846 omnis
560 792 674 844 causae
699 768 804 840 alicui
821 766 991 840 effectrici
1008 766 1178 862 religatur
1194 777 1231 836 et
1244 784 1288 835 ex
1301 783 1344 834 ea
1364 782 1445 857 pen·

323 886 402 980 det3
424 887 521 960 verbi
545 907 649 958 causa
663 885 693 956 si
712 881 877 979 quaedam
898 896 982 956 sunt
1001 905 1082 977 quae
1098 879 1207 953 simul
1230 888 1401 950 moveant
1414 887 1446 946 et

327 1015 547 1092 moveantur,
559 1021 700 1072 causam
717 999 821 1070 aliam
839 1020 915 1070 esse
927 1021 992 1070 cur
1010 1021 1048 1069 ea
1059 997 1135 1092 ipsa
1151 1004 1366 1072 moveantur
1387 1013 1444 1061 ne·

326 1139 423 1187 cesse
435 1128 501 1187 est.
520 1113 694 1199 Quoniam
709 1126 828 1185 autem
842 1112 960 1184 omnia
970 1111 1076 1182 simul
1088 1131 1227 1183 movere
1243 1119 1279 1180 et
1295 1103 1442 1193 moveri,

327 1229 527 1324 seriemque
548 1249 734 1301 causarum
755 1249 831 1298 esse
851 1225 1029 1298 infinitam
1046 1211 1175 1297 rationi
1194 1244 1269 1296 non
1296 1235 1352 1294 est
1368 1242 1447 1292 con-

326 1357 560 1432 sentaneum,
587 1367 630 1416 eo
642 1334 796 1416 efficitur
815 1355 855 1414 ut
872 1362 976 1413 causa
1001 1328 1123 1434 aliqua
1151 1338 1198 1411 sit
1215 1359 1299 1434 quae
1320 1359 1385 1432 per
1414 1357 1447 1408 se

331 1472 467 1532 moveat
483 1472 524 1532 ut
538 1459 652 1554 prima
663 1513 673 1548 ,
686 1471 723 1533 et
736 1457 874 1553 singula
895 1455 1110 1530 moderetur.

381 1686 465 1755 Eam
498 1708 605 1780 porro
636 1685 689 1775 (l)
712 1682 924 1757 effectricem
951 1703 1093 1754 causam
1118 1679 1279 1776 copulari
1304 1701 1389 1752 cum
1413 1699 1450 1750 eo

331 1801 430 1892 ¹quod
449 1812 628 1884 movetur,
645 1812 680 1870 et
698 1798 796 1870 nullo
808 1810 910 1892 pacto
927 1795 1086 1891 disjungi
1104 1797 1147 1868 ab
1163 1819 1206 1868 eo
1220 1817 1325 1891 posse
1340 1796 1452 1890 singu·

336 1912 451 1984 larum
482 1916 717 1987 mutationum
737 1912 974 1987 consideratio
1004 1911 1079 2006 ipsa
1098 1909 1277 1983 declarat.
1307 1906 1380 1981 Sed
1413 1928 1454 1976 ne

337 2029 574 2123 particulatim
593 2029 638 2102 de
663 2029 810 2124 singulis
826 2027 1008 2113 dicamus,
1028 2025 1071 2096 ad
1087 2024 1155 2096 tria
1179 2045 1310 2119 genera
1340 2035 1455 2097 motus

336 2165 459 2216 omnes
484 2143 708 2217 reserantur:
730 2140 907 2239 quidquid
925 2141 1024 2213 enim·
1048 2153 1231 2225 movetur,
1250 2138 1326 2211 sive
1344 2134 1456 2213 fertur

338 2257 479 2347 micon,
498 2259 572 2332 sive
589 2261 777 2346 alteratur,
797 2257 869 2330 sive
883 2257 1010 2330 crescit
1023 2270 1084 2328 aut
1099 2255 1342 2328 imminuitur.
1357 2253 1457 2338 Quod

338 2373 370 2443 si
390 2373 425 2444 in
447 2374 561 2445 tribus
577 2374 652 2448 istis
670 2385 836 2467 appareat
850 2394 920 2444 una
939 2371 1101 2466 copulari
1120 2370 1156 2444 id
1170 2368 1267 2466 quod
1285 2381 1403 2442 movet
1424 2380 1457 2438 et

339 2483 375 2557 id
392 2488 487 2581 quod
505 2484 829 2577 movetur‚abunde
839 2487 907 2558 erit
919 2487 1003 2558 huic
1019 2484 1457 2582 quaestionisatissactum.

341 2601 501 2681 Quatuor
517 2614 634 2671 autem
666 2612 749 2670 sunt
768 2599 917 2672 omnino
942 2601 978 2670 in
1004 2601 1080 2673 loco
1099 2599 1297 2686 mutinum,
1324 2597 1462 2670 scilicet

340 2712 483 2806 pulsuS,
509 2726 658 2799 tractuS,
677 2712 879 2803 conversio,
907 2714 1042 2805 vectio,
1066 2716 1102 2785 in
1127 2737 1216 2810 quas
1240 2735 1367 2784 omnes
1385 2711 1461 2783 aliae

342 2828 518 2901 recidunt.
538 2834 626 2902 Cum
642 2852 722 2932 vero
754 2816 864 2900 vectio
880 2828 955 2923 ipsa
970 2827 1013 2901 ad
1034 2843 1105 2901 tres
1123 2829 1200 2900 illas
1212 2826 1354 2922 priores
1371 2826 1429 2898 rel
1447 2866 1463 2881 -

342 2957 461 3032 ratur,
490 2944 747 3039 conversioque
772 2941 877 3015 etiam
900 2966 941 3015 ex
967 2944 1074 3039 pulsu
1095 2957 1129 3014 et
1164 2956 1277 3016 tractu
1299 2952 1461 3030 constet,

343 3070 477 3129 tractus
492 3071 608 3130 autem
627 3071 660 3131 et
678 3058 802 3153 pulsus
819 3081 959 3153 semper
969 3060 1087 3153 aliqua
1105 3058 1210 3130 causa
1227 3067 1353 3149 egeant
1368 3078 1463 3149 quae,

344 3172 395 3242 rei
415 3172 538 3244 mobili
552 3173 757 3266 conjuncta,
780 3175 940 3244 trahatet
957 3161 1135 3269 impellat,
1152 3172 1188 3243 in
1201 3157 1324 3265 aperto
1338 3181 1393 3242 est
1408 3170 1467 3240 ni-

345 3285 396 3356 hil
411 3285 446 3356 in
464 3285 543 3356 loco
558 3284 688 3356 moveri
703 3287 751 3381 ¹ab
769 3285 845 3380 ipso
861 3295 996 3359 motore
1010 3302 1225 3380 separatum.
1248 3284 1343 3364 Nihil
1360 3284 1466 3357 etiam

346 3397 526 3484 immutari
552 3397 699 3488 evincit,
728 3399 816 3470 nilril
848 3400 969 3495 augeri
987 3393 1066 3474 aut.
1083 3399 1278 3486 imminui,
1293 3398 1465 3494 quoniam

346 3547 469 3599 omnes
488 3522 563 3596 istae
587 3522 801 3597 mutationes
820 3526 978 3619 pendent
996 3525 1040 3598 ab
1055 3523 1106 3598 eis
1122 3523 1278 3596 motibus
1293 3505 1364 3617 qui·
1384 3535 1468 3595 sunt

349 3641 386 3710 in
399 3639 478 3712 loco
492 3640 581 3710 etad
597 3660 657 3710 eos
672 3636 849 3710 recidunt.
923 3709 926 3712 .
1365 3658 1367 3662 ·

351 3910 353 3916 -
399 3869 449 3935 Ex
466 3887 507 3936 eo
519 3877 637 3935 autem
661 3864 821 3958 sequitur
839 3863 893 3960 (2)
912 3888 1054 3938 omnem
1079 3867 1323 3954 alterationem
1336 3867 1372 3940 in
1391 3891 1469 3941 sen·

386 4180 426 4255 (l)
444 4182 509 4241 Lib.
521 4183 592 4252 Vll,
605 4183 745 4256 cap.2,l.
759 4184 828 4252 2d3,
842 4183 906 4241 dld.

274 4337 277 4340 Α
389 4270 426 4346 (2)
446 4270 510 4328 Lib.
526 4271 831 4346 Vt1,cap.a,t.at5,
846 4273 911 4332 2l6.
993 4297 1000 4309 ·
