3559 5392
858 724 998 781 ..2-

363 894 534 963 areanum
548 873 642 945 istud
659 873 889 968 physicorum
903 873 1106 968 dogmatum
1120 871 1412 960 -rocluderemus,
1427 893 1487 943 ex-

362 980 635 1082 p'eriremurque
657 1012 702 1059 an
723 987 758 1059 in
788 988 866 1061 istis
881 988 965 1060 olim
990 988 1084 1061 tritis
1114 987 1336 1084 vulgatisque
1360 987 1480 1076 libris,

362 1125 460 1174 nunc
488 1116 605 1174 autem
633 1104 808 1176 oblivione
834 1127 927 1198 pene
950 1103 1105 1192 obrutis,
1132 1102 1326 1198 sepositum
1351 1101 1487 1197 aliquid

362 1213 559 1313 essetquod
578 1215 897 1313 ad'philosophiam
919 1218 1102 1313 antiquam
1122 1217 1378 1308 enucleandam
1395 1216 1487 1290 uale-

362 1346 436 1420 ret,
456 1333 625 1428 quodque
641 1336 685 1408 ad
696 1358 782 1408 usus
796 1357 880 1408 suos
895 1331 1113 1406 recentiores
1127 1346 1263 1406 naturae
1274 1332 1486 1429 interpretes

361 1448 602 1520 deflecterent.

412 1677 540 1762 Quanti
551 1693 668 1750 autem
682 1678 729 1750 sit
744 1678 915 1750 momenti
926 1692 962 1750 et
975 1677 1143 1772 ponderis
1153 1675 1349 1772 disputatio
1365 1674 1431 1749 ista
1441 1677 1487 1748 de

358 1792 547 1888 principiis
557 1792 658 1864 facile
668 1791 836 1881 elucebit,
854 1792 882 1863 si
894 1792 1198 1864 animadvertatur
1213 1790 1352 1863 nullum
1365 1803 1485 1886 patere

358 1908 475 1996 latius,
489 1905 1487 2002 exceptismetaphysicis,Aristotelisplacitum,nullum-

338 2005 429 2119 ⁸que
449 2024 529 2119 plus
543 2025 584 2094 ad
603 2038 739 2095 naturae
758 2023 921 2095 notitiam
936 2021 1099 2094 conferre
1116 2019 1279 2116 quamde
1298 2044 1370 2116 quo
1387 2045 1485 2094 nuno

359 2138 486 2233 agitur.
512 2142 590 2220 Quo
625 2137 720 2209 enim
746 2151 905 2231 tempore
934 2136 1053 2210 caeteri
1073 2135 1275 2231 philosophi
1296 2149 1429 2209 temere
1451 2148 1486 2208 et

360 2253 562 2350 inconsulte
585 2254 751 2348 figmenta
777 2253 959 2326 derorum
982 2275 1120 2325 summa
1157 2253 1372 2341 condebant,
1395 2251 1486 2347 opti-

359 2391 434 2440 mas
452 2369 512 2440 ille
531 2368 721 2463 indagandi
742 2369 812 2441 vias
838 2383 873 2440 et
909 2367 1062 2440 rationes
1087 2366 1321 2462 praetentavit,
1350 2365 1485 2460 primo-

354 2483 576 2582 queingenii
592 2485 754 2578 conjectu
766 2485 913 2557 invenit.
936 2485 1054 2578 thue
1071 2485 1223 2557 clariore
1241 2484 1278 2556 in'
1296 2485 1375 2555 luce
1395 2495 1488 2554 esset

357 2598 578 2673 collocatum
598 2602 705 2692 quam
737 2598 965 2693 potissimum
999 2600 1176 2672 rationem
1200 2599 1239 2670 'i'n
1261 2595 1486 2693 explorandis

359 2713 513 2809 singulis
525 2713 633 2786 rebus
646 2735 897 2809 sequeremur,
912 2728 1101 2810 postquam
1118 2714 1233 2808 prima
1248 2724 1366 2786 rerum
1382 2711 1486 2808 prin-

359 2831 456 2927 cipia
476 2831 659 2902 inuenerat
666 2831 1009 2959 ,perpenderatque
1043 2833 1221 2950 cujusque
1241 2829 1290 2902 rei
1310 2851 1432 2902 causas
1451 2843 1488 2902 et

277 3040 280 3043 Ι
359 2944 655 3041 consequentias,
675 2943 747 3016 vim
775 2944 931 3040 denique
955 2969 1098 3018 omnem
1118 2959 1254 3017 naturae
1279 2951 1486 3040 perceperat

350 3074 469 3159 atque
489 3062 749 3157 explanaverat,
784 3060 959 3134 summam
988 3060 1096 3133 totius
1126 3061 1300 3134 doetrinae
1325 3061 1381 3132 his
1405 3074 1487 3134 octo

326 3180 336 3245 ὲ.
362 3175 402 3248 in
419 3174 523 3249 libris
532 3175 731 3262 conclusit,
752 3176 854 3270 quasi
872 3175 909 3246 in
931 3175 1046 3248 fronte
1062 3177 1301 3270 quaestionum
1316 3175 1489 3272 physica-

227 3288 237 3325 ²
258 3374 268 3385 ,
327 3279 443 3369 mum
461 3288 656 3386 ponendis,
687 3293 781 3363 unde
799 3292 950 3362 lumen
941 3314 979 3360 rn
1000 3291 1157 3386 singulas
1177 3305 1296 3386 partes
1309 3293 1484 3366 elllueret

296 3438 312 3498 χ
356 3386 411 3482 ,ln
420 3405 666 3492 hisversatus,
684 3427 764 3476 vere
785 3399 1000 3499 prooemium
1020 3405 1396 3502 etinterpretationem
1422 3430 1489 3480 na·

239 3540 259 3619 J„
289 3564 294 3573 ·
330 3504 348 3572 s
362 3526 474 3609 llll'ae,
497 3519 975 3618 e'npdctotvqueyadumbravil.
1002 3554 1004 3557 ·

244 3772 287 3873 ἐξ
406 3750 461 3840 'Ea
480 3779 598 3839 autem
618 3753 872 3838 commentatio¹
881 3766 1027 3862 physica
1041 3789 1152 3861 quum
1166 3767 1335 3863 latissime
1350 3784 1485 3866 pateat,

352 3905 481 3980 neque
496 3883 599 3953 modo
612 3880 703 3953 scire
717 3880 877 3976 expediat
894 3881 1034 3976 quaevia
1054 3905 1116 3985 per
1129 3882 1368 3979 oog'riltlonem
1381 3885 1485 3981 serat,

258 4004 268 4019 ”’
300 4060 321 4101 a:
353 4020 445 4093 quae
461 3996 534 4070 sint
550 3995 726 4090 cujusque
743 3995 792 4067 rei
814 3997 924 4090 leges,
946 4019 1028 4100 quae
1044 4009 1190 4085 natura,
1207 4000 1268 4072 sed
1295 4001 1400 4104 etiam
1413 4026 1488 4098 quo

304 4104 309 4115 ’
363 4135 456 4184 nexu
486 4112 581 4182 inter
607 4134 644 4182 se
673 4110 793 4182 omnia
823 4111 1045 4207 cohaereant,
1084 4112 1215 4206 quibus
1246 4115 1423 4210 pendeant
1443 4142 1486 4192 ex

360 4220 573 4326 principiis,
593 4248 699 4320 quem
724 4226 793 4298 sibi
822 4227 928 4298 finem
948 4227 1099 4300 habeant
1126 4228 1370 4325 propositum,
1396 4231 1487 4312 lacta

365 4340 412 4417 de
430 4339 487 4416 his
506 4337 673 4439 omnibus
692 4338 934 4435 dubitatione,
955 4356 1028 4416 tres
1041 4343 1078 4416 ln
1096 4357 1214 4446 partes
1231 4358 1340 4419 totam
1359 4344 1489 4448 dispu-
