3559 5392
894 721 1054 782 -14—

411 875 697 974 mathematicum
736 888 771 947 ot
810 871 1027 971 astrologum
1053 873 1219 969 intersitg
1242 874 1415 971 physicus
1441 874 1539 948 enim

413 992 451 1066 in
471 992 582 1064 lormo
602 991 709 1064 oimul
729 1004 764 1063 et
782 990 925 1067 materia
946 984 1402 1083 versaturgmathematicus
1419 1005 1539 1065 autem

412 1109 562 1181 sormam
590 1105 999 1200 tantumamplectitur,
1032 1106 1236 1194 immotam,
1269 1127 1288 1176 a
1317 1105 1538 1202 materiaque

412 1233 606 1316 separatam
616 1246 627 1313 3
638 1221 835 1315 astrologus
854 1220 1001 1293 mobilia
1016 1220 1177 1317 quidem,
1194 1220 1257 1294 aed
1270 1232 1404 1292 aterna
1419 1232 1459 1292 ct
1472 1219 1538 1291 lm·

412 1333 591 1426 mortalia,
612 1335 885 1431 contemplatur.

919 1572 1000 1639 tV.

459 1808 534 1875 Jam
558 1814 696 1874 constat
714 1824 754 1874 ex
772 1799 958 1902 prioribus
971 1799 1109 1896 placitis
1122 1813 1285 1872 naturam
1303 1822 1379 1875 esse
1391 1820 1536 1874 causam

412 1931 532 1992 motus
547 1931 581 1989 et
599 1917 687 1989 nihil
708 1939 779 1990 non
796 1916 839 1989 ad
858 1917 1033 1989 rationem
1054 1921 1091 1988 ct
1107 1923 1275 2010 tanquam
1294 1913 1338 1987 atl
1352 1927 1467 1988 artcrn
1482 1915 1537 1987 di·

412 2033 538 2131 rigere.
567 2029 777 2131 Requiritur
794 2040 912 2104 autem
931 2034 975 2105 ad
992 2031 1189 2127 pleniorem
1211 2033 1358 2102 naturae‘
1375 2029 1537 2128 notitiam

411 2158 452 2223 itt
468 2150 605 2220 huncce
624 2152 778 2237 motum,
813 2149 930 2245 qualis
949 2148 994 2221 sit
1011 2154 1046 2221 et
1070 2171 1176 2244 quem
1194 2149 1358 2221 adfinem
1374 2161 1534 2248 spectet,

411 2262 664 2363 percipiamus.
687 2263 757 2336 Sed
773 2275 964 2359 antequam
983 2263 1050 2336 hoc
1063 2262 1321 2361 aggrediamur,
1340 2257 1453 2333 multa
1475 2284 1537 2333 oc·

412 2393 563 2452 currunt
581 2396 662 2475 quae
686 2375 881 2473 impediant
900 2381 922 2447 'a
941 2377 1194 2474 propositoque
1219 2374 1443 2469 deterrean't,'
1468 2373 1538 2462 nisi

414 2492 509 2572 erla
533 2491 800 2586 quamprimum
827 2489 1008 2563 tollantur.
1038 2495 1123 2581 Nam
1157 2516 1269 2588 quum
1283 2492 1359 2615 jam
1381 2487 1463 2563 ante
1492 2486 1537 2561 sit

414 2605 648 2679 constitutum
663 2627 733 2677 non
748 2604 847 2698 prius
859 2603 998 2705 singula
1012 2606 1145 2704 percipi
1166 2629 1268 2703 posse
1279 2603 1386 2721 quain
1408 2598 1537 2736 genera

415 2721 656 2807 lunotescant,
678 2732 870 2847 antequam
899 2721 942 2792 ad
970 2734 1104 2795 motum
1129 2712 1362 2795 naturalem
1352 2720 1536 2842 rpsiust'puc

415 2838 522 2909 finem
547 2832 769 2919 accedamus,
791 2833 951 2927 primum
973 2831 1017 2906 de
1032 2847 1144 2922 motu,
1166 2836 1331 2930 quisnam
1345 2837 1392 2909 sit
1406 2841 1472 2932 'per
1486 2834 1535 2922 se,

413 2965 469 3025 eot
486 2948 763 3045 requirendumt
788 2945 931 3034 adhoc,
952 2961 1064 3042 qurum
1080 2962 1197 3022 motus
1214 2951 1386 3024 omnis'in
1404 2975 1538 3047 corpo-

417 3069 514 3143 ribus
532 3076 688 3163 vertetur
706 3066 778 3156 (t),
797 3065 944 3160 corpora
960 3073 1165 3138 autemnon
1178 3064 1255 3138 sine
1267 3066 1385 3159 aliqua
1393 3071 1539 3163 'tempo-

417 3184 465 3255 ris
479 3197 515 3255 ct
528 3180 633 3274 spatii
645 3171 790 3253 ¹natione
806 3202 883 3253 esse
897 3179 1050 3273 possint,
1077 3193 1217 3273 tempus
1229 3203 1311 3252 vcro
1326 3193 1362 3252 ct
1383 3181 1538 3276 spatium

414 3293 556 3372 infinita
583 3315 660 3367 esso
690 3289 911 3387 rideantur„
928 3295 972 3365 de
1000 3288 1141 3367 infinito
1169 3306 1329 3388 temporo
1355 3295 1538 3390 ctss'cpotiu

413 3410 649 3509 quaerendum
665 3420 738 3496 eat,
754 3430 796 3482 eo
815 3421 950 3485 servato
964 3408 1089 3481 ordine
1104 3423 1142 3482 ut
1159 3409 1309 3505 cognitis
1325 3409 1425 3504 prius
1438 3411 1539 3505 prin·

415 3526 520 3620 cipiis
551 3547 632 3621 qum
660 3523 765 3603 latius
790 3537 933 3619 patent,
967 3523 1108 3620 longius
1138 3524 1222 3598 inde
1253 3524 1536 3658 progrediamur.

417 3641 574 3762 Primum
588 3661 672 3734 crgo
686 3639 731 3716 de
753 3637 909 3716 infinito.

467 3862 558 3931 Sunt
576 3857 737 3952 quinque
754 3855 1006 3951 praesentum
1010 3857 1078 3946 lex
1095 3853 1228 3950 quibus
1242 3855 1380 3951 aliquid
1394 3878 1471 3931 csse
1488 3857 1540 3930 ln-

402 3973 561 4046 <llnitum
588 3969 773 4044 creditur:
801 3982 942 4066 tempus
964 3968 1062 4042 cuim
1090 3974 1166 4042 esce
1184 3968 1329 4063 allquotl
1357 3971 1539 4044 infinitum

456 4295 494 4368 (l)
513 4293 576 4352 Lib.
589 4294 649 4364 111,
663 4311 724 4370 cap.
735 4294 767 4363 lt,
781 4295 800 4352 l.
810 4293 874 4351 203.

457 4385 496 4463 (2)
516 4385 578 4446 Lib.
594 4384 656 4461 ΙΙΙ,
669 4401 729 4460 cap.
739 4383 775 4458 lt,
788 4385 807 4442 l.
820 4384 884 4443 20³.
