3559 5392
805 665 965 724 -ffl-

322 828 440 912 partes
453 815 627 894 infinitas,
644 826 680 886 et
698 815 815 909 neque
833 814 870 885 in
885 812 1132 909 spationeque
1147 809 1362 905 intempore
1376 833 1444 884 ma·

322 945 404 1003 neat
419 931 616 1024 quidquam
634 927 858 1001 individuum
884 927 923 999 in
942 947 1014 1022 quo
1032 938 1150 997 motus
1168 923 1325 997 deliniat.
1348 925 1442 999 Valet

321 1045 429 1117 etiam
447 1043 568 1116 eadem
593 1044 671 1115 lvaee
688 1041 943 1116 commentatio
960 1041 1005 1112 ad
1023 1042 1066 1113 ea
1088 1036 1279 1111 refellenda
1298 1062 1384 1134 quae
1402 1041 1441 1114 de

321 1158 424 1231 variis
442 1181 564 1231 rerum
588 1157 846 1230 mutationibus
864 1154 961 1228 idem
983 1154 1045 1227 ille
1060 1153 1247 1226 cavillatus
1265 1166 1335 1234 est.
1359 1159 1442 1245 llam

322 1295 436 1368 quum
457 1273 554 1345 nulla
579 1271 729 1342 mutatio
746 1281 883 1341 constet
897 1291 939 1340 ex
951 1268 1208 1342 mutationibus
1230 1265 1439 1358 individuis,

321 1386 484 1482 nihilque
497 1387 603 1480 plane
622 1384 659 1456 in
680 1399 779 1456 motu
796 1383 1074 1468 intermittatur,
1108 1384 1145 1453 in
1163 1395 1287 1477 aperto
1301 1393 1359 1453 ost
1374 1382 1445 1452 sin·

320 1502 420 1595 gulas
433 1499 658 1572 alterationes
669 1499 954 1585 esseeontinuas,
968 1498 1101 1567 nedum
1114 1507 1291 1589 punctum
1299 1482 1444 1589 aliquod
1484 1571 1485 1580 ,

320 1617 366 1686 sit
380 1614 553 1708 temporis
568 1612 604 1683 in
622 1635 697 1707 quo
713 1611 750 1683 id
769 1612 903 1706 quode
921 1610 1025 1704 nigro
1040 1611 1077 1680 in
1096 1609 1216 1681 album
1235 1608 1442 1702 immutatur
1462 1601 1465 1606 ’

323 1751 441 1822 neque
460 1727 605 1820 nigrum
623 1725 669 1797 sit
687 1749 806 1820 neque
821 1727 956 1814 aihum,
978 1738 1013 1797 et
1032 1725 1222 1797 immotum
1241 1735 1396 1817 manent.

371 1952 541 2049 Sequitur
555 1975 597 2024 ex
617 1951 752 2024 eisdem
770 1950 826 2049 (2)
844 1965 885 2023 ut
905 1974 978 2023 non
995 1950 1098 2022 eadat
1113 1960 1232 2019 motus
1246 1947 1286 2018 in
1305 1970 1348 2018 ea
1367 1968 1446 2044 quaa

322 2083 406 2141 sunt
425 2068 620 2156 individua,
638 2082 675 2140 et
689 2068 787 2141 nullo
804 2081 908 2162 paeto
929 2064 1061 2138 moveri
1078 2064 1188 2160 possit
1201 2087 1265 2160 per
1282 2060 1445 2163 inane'eu

323 2205 430 2279 quam
450 2183 672 2255 Democritus
698 2182 845 2277 proprio
865 2179 1023 2276 pondere
1044 2179 1132 2251 lerri
1155 2179 1244 2250 dixit
1260 2180 1458 2271 atotllnm3·

323 2288 499 2384 quidquid
523 2288 617 2360 enim
642 2303 802 2360 movetur
821 2287 1011 2360 dividuum
1033 2284 1139 2357 sitin
1157 2296 1279 2387 partes
1302 2303 1444 2392 nome

322 2417 387 2476 m

372 2611 491 2690 Quum
501 2629 609 2702 porro
623 2630 663 2678 ea
676 2607 724 2679 sit
738 2607 923 2701 temporis,
934 2606 1079 2702 spatiiet
1093 2619 1211 2680 motus
1227 2605 1445 2679 consumatio

324 2739 364 2794 ut
385 2744 456 2794 nnn
477 2724 581 2794 modo
601 2737 740 2816 tempus
758 2736 794 2792 et
815 2735 932 2793 motus
948 2722 1025 2792 sine
1047 2722 1160 2815 spatio
1180 2743 1257 2792 esse
1278 2745 1349 2799 non
1369 2741 1446 2815 pos-

322 2837 407 2922 sint,
423 2835 484 2911 sed
502 2837 608 2908 etiam
624 2839 746 2909 eadem
763 2837 899 2909 ratione
918 2851 1037 2928 partes
1057 2836 1095 2907 in
1114 2833 1271 2911 infinitas
1287 2834 1445 2931 dividan-

324 2968 395 3039 tur,
414 2952 547 3025 evincit
567 2975 640 3024 non
660 2973 763 3049 posse
785 2950 982 3048 quidquam
1008 2950 1109 3022 linito
1131 2949 1168 3021 in
1186 2961 1345 3042 temporo
1360 2946 1444 3029 ferri

323 3090 386 3161 per
401 3065 606 3158 inlinitum3
625 3090 667 3139 ex
687 3089 760 3163 quo
774 3063 908 3137 inferre
925 3063 1006 3137 licet
1022 3062 1161 3135 nullum
1175 3078 1328 3153 motuqr,
1345 3061 1446 3144 linita

325 3172 459 3244 ratione
468 3173 655 3267 temporis,
671 3194 750 3244 esse
758 3170 952 3267 inlinitum,
970 3170 1061 3255 nihil
1079 3192 1142 3265 per
1159 3164 1313 3263 spatium
1331 3166 1447 3251 inlini·

324 3300 399 3356 tum
418 3284 502 3369 ferri
517 3284 772 3371 indesinenter,
791 3307 903 3378 quum
918 3285 1005 3357 alias
1017 3306 1123 3355 omne
1133 3284 1287 3378 spatium
1302 3282 1349 3361 sit
1365 3279 1447 3367 litti-

322 3414 413 3472 tum.
439 3398 618 3483 Quoniam
644 3398 752 3494 igitur
781 3396 837 3496 (3)
863 3422 935 3471 non
964 3399 1012 3470 ita
1039 3397 1200 3471 infinitus
1224 3384 1301 3470 esse
1328 3410 1447 3483 motus

322 3526 436 3607 potest
456 3527 496 3589 ut
509 3514 659 3611 spatium
673 3538 738 3609 per
754 3514 935 3585 inlinitum
951 3513 1098 3598 seratur,
1113 3526 1275 3607 superest
1289 3525 1328 3583 ut
1342 3511 1446 3595 finito
1462 3539 1464 3544 ·

324 3627 361 3701 in
377 3627 492 3723 spatio
510 3628 643 3699 seratur
667 3648 731 3720 per
745 3639 886 3721 tempus
906 3627 1088 3705 inlinitum
1104 3648 1218 3722 enque
1232 3639 1335 3721 paeto
1350 3625 1448 3699 diva·

323 3751 382 3810 tur
397 3762 473 3810 esse
494 3739 681 3831 infinitus,
702 3741 805 3833 cujus
820 3724 965 3834 'generis
978 3763 1072 3823 unus
1088 3753 1226 3823 tautum
1242 3752 1296 3823 est
1313 3721 1460 3829 molus,

323 3867 450 3940 nempe
468 3843 528 3916 ille
544 3844 606 3939 qui
626 3845 718 3915 llexu
732 3844 882 3941 perenni
899 3838 1048 3941 oblique
1062 3845 1099 3916 in
1115 3860 1226 3917 semet
1238 3846 1443 3918 revolvitur.

357 4130 882 4204 fflfflmemwffll

356 4222 804 4302 fflfflstmwmm

355 4314 571 4392 (mmm
