<?xml version="1.0" encoding="UTF-8"?>
<!DOCTYPE html PUBLIC "-//W3C//DTD XHTML 1.0 Transitional//EN"
    "http://www.w3.org/TR/xhtml1/DTD/xhtml1-transitional.dtd">
<html xmlns="http://www.w3.org/1999/xhtml" xml:lang="en" lang="en">
 <head>
  <title>
</title>
<meta http-equiv="Content-Type" content="text/html;charset=utf-8" />
  <meta name='ocr-system' content='tesseract 3.04.00' />
  <meta name='ocr-capabilities' content='ocr_page ocr_carea ocr_par ocr_line ocrx_word'/>
</head>
<body>
  <div class='ocr_page' id='page_1' title='image "./inaristotelispl00zvgoog_0058.png"; bbox 0 0 3559 5392; ppageno 0'>
   <div class='ocr_carea' id='block_1_1' title="bbox 811 632 972 694">
    <p class='ocr_par' dir='ltr' id='par_1_1' title="bbox 811 632 972 694">
     <span class='ocr_line' id='line_1_1' title="bbox 811 632 972 694; baseline 0.019 -18"><span class='ocrx_word' id='word_1_1' title='bbox 811 632 972 694; x_wconf 74' lang='grc'><strong>..48-</strong></span> 
     </span>
    </p>
   </div>
   <div class='ocr_carea' id='block_1_2' title="bbox 322 756 1466 1106">
    <p class='ocr_par' dir='ltr' id='par_1_2' title="bbox 322 756 1466 1106">
     <span class='ocr_line' id='line_1_2' title="bbox 322 756 1466 878; baseline -0.005 -23"><span class='ocrx_word' id='word_1_2' title='bbox 322 783 542 878; x_wconf 84' lang='lat' dir='ltr'><strong>quaestione,</strong></span> <span class='ocrx_word' id='word_1_3' title='bbox 568 781 647 855; x_wconf 81' lang='lat' dir='ltr'><strong>susa</strong></span> <span class='ocrx_word' id='word_1_4' title='bbox 669 795 705 852; x_wconf 83' lang='lat' dir='ltr'><strong>et</strong></span> <span class='ocrx_word' id='word_1_5' title='bbox 725 780 871 857; x_wconf 88' lang='lat' dir='ltr'><strong>remissa</strong></span> <span class='ocrx_word' id='word_1_6' title='bbox 898 781 1050 855; x_wconf 88' lang='lat' dir='ltr'><strong>aliorum</strong></span> <span class='ocrx_word' id='word_1_7' title='bbox 1077 779 1206 876; x_wconf 86' lang='lat' dir='ltr'><strong>placita</strong></span> <span class='ocrx_word' id='word_1_8' title='bbox 1235 778 1341 852; x_wconf 85' lang='lat' dir='ltr'><strong>nulio</strong></span> <span class='ocrx_word' id='word_1_9' title='bbox 1355 756 1466 877; x_wconf 55' lang='lat' dir='ltr'><strong>pacto*</strong></span> 
     </span>
     <span class='ocr_line' id='line_1_3' title="bbox 323 893 1447 990; baseline -0.005 -20"><span class='ocrx_word' id='word_1_10' title='bbox 323 922 404 970; x_wconf 89' lang='lat' dir='ltr'><strong>cum</strong></span> <span class='ocrx_word' id='word_1_11' title='bbox 443 896 642 970; x_wconf 68' lang='lat' dir='ltr'><strong>suismet</strong></span> <span class='ocrx_word' id='word_1_12' title='bbox 664 895 795 990; x_wconf 84' lang='lat' dir='ltr'><strong>pressis</strong></span> <span class='ocrx_word' id='word_1_13' title='bbox 828 895 1029 970; x_wconf 82' lang='lat' dir='ltr'><strong>Aristotelis</strong></span> <span class='ocrx_word' id='word_1_14' title='bbox 1059 893 1286 990; x_wconf 73' lang='lat' dir='ltr'><strong>argumentis</strong></span> <span class='ocrx_word' id='word_1_15' title='bbox 1304 905 1447 988; x_wconf 81' lang='lat' dir='ltr'><strong>possum</strong></span> 
     </span>
     <span class='ocr_line' id='line_1_4' title="bbox 325 1033 1394 1106; baseline -0.016 -22"><span class='ocrx_word' id='word_1_16' title='bbox 325 1033 536 1106; x_wconf 77' lang='lat' dir='ltr'><strong>comparari.</strong></span> <span class='ocrx_word' id='word_1_17' title='bbox 1392 1060 1394 1067; x_wconf 81' lang='grc'>,</span> 
     </span>
    </p>
   </div>
   <div class='ocr_carea' id='block_1_3' title="bbox 326 1211 1445 1540">
    <p class='ocr_par' dir='ltr' id='par_1_3' title="bbox 326 1211 1445 1540">
     <span class='ocr_line' id='line_1_5' title="bbox 373 1211 1444 1307; baseline 0.004 -18"><span class='ocrx_word' id='word_1_18' title='bbox 373 1223 463 1290; x_wconf 80' lang='lat' dir='ltr'><strong>Cum</strong></span> <span class='ocrx_word' id='word_1_19' title='bbox 478 1232 596 1289; x_wconf 86' lang='lat' dir='ltr'><strong>tamen</strong></span> <span class='ocrx_word' id='word_1_20' title='bbox 610 1211 780 1287; x_wconf 84' lang='lat' dir='ltr'><strong>nonnulla</strong></span> <span class='ocrx_word' id='word_1_21' title='bbox 796 1212 832 1284; x_wconf 94' lang='lat' dir='ltr'><strong>in</strong></span> <span class='ocrx_word' id='word_1_22' title='bbox 848 1212 904 1284; x_wconf 91' lang='lat' dir='ltr'><strong>his</strong></span> <span class='ocrx_word' id='word_1_23' title='bbox 924 1212 1062 1307; x_wconf 83' lang='lat' dir='ltr'><strong>placitis</strong></span> <span class='ocrx_word' id='word_1_24' title='bbox 1075 1211 1197 1288; x_wconf 78' lang='lat' dir='ltr'><strong>vitiose</strong></span> <span class='ocrx_word' id='word_1_25' title='bbox 1221 1238 1260 1288; x_wconf 92' lang='lat' dir='ltr'><strong>se</strong></span> <span class='ocrx_word' id='word_1_26' title='bbox 1278 1215 1444 1306; x_wconf 79' lang='lat' dir='ltr'><strong>habeant,</strong></span> 
     </span>
     <span class='ocr_line' id='line_1_6' title="bbox 326 1329 1445 1424; baseline 0.005 -21"><span class='ocrx_word' id='word_1_27' title='bbox 326 1356 421 1403; x_wconf 86' lang='lat' dir='ltr'><strong>nune</strong></span> <span class='ocrx_word' id='word_1_28' title='bbox 443 1332 586 1403; x_wconf 83' lang='lat' dir='ltr'><strong>demum</strong></span> <span class='ocrx_word' id='word_1_29' title='bbox 608 1329 694 1422; x_wconf 90' lang='lat' dir='ltr'><strong>quid</strong></span> <span class='ocrx_word' id='word_1_30' title='bbox 723 1329 769 1401; x_wconf 85' lang='lat' dir='ltr'><strong>sit</strong></span> <span class='ocrx_word' id='word_1_31' title='bbox 790 1351 871 1400; x_wconf 82' lang='lat' dir='ltr'><strong>vero</strong></span> <span class='ocrx_word' id='word_1_32' title='bbox 888 1349 1104 1424; x_wconf 82' lang='lat' dir='ltr'><strong>congruum,</strong></span> <span class='ocrx_word' id='word_1_33' title='bbox 1124 1329 1255 1423; x_wconf 87' lang='lat' dir='ltr'><strong>quida</strong></span> <span class='ocrx_word' id='word_1_34' title='bbox 1278 1346 1378 1407; x_wconf 84' lang='lat' dir='ltr'><strong>recta</strong></span> <span class='ocrx_word' id='word_1_35' title='bbox 1394 1357 1445 1409; x_wconf 84' lang='lat' dir='ltr'><strong>ra-</strong></span> 
     </span>
     <span class='ocr_line' id='line_1_7' title="bbox 327 1445 900 1540; baseline -0.009 -21"><span class='ocrx_word' id='word_1_36' title='bbox 327 1447 422 1519; x_wconf 81' lang='lat' dir='ltr'><strong>tione</strong></span> <span class='ocrx_word' id='word_1_37' title='bbox 437 1446 611 1531; x_wconf 79' lang='lat' dir='ltr'><strong>alienum,</strong></span> <span class='ocrx_word' id='word_1_38' title='bbox 626 1445 900 1540; x_wconf 81' lang='lat' dir='ltr'><strong>perpendamus.</strong></span> 
     </span>
    </p>
   </div>
   <div class='ocr_carea' id='block_1_4' title="bbox 839 1696 932 1763">
    <p class='ocr_par' dir='ltr' id='par_1_4' title="bbox 839 1696 932 1763">
     <span class='ocr_line' id='line_1_8' title="bbox 839 1696 932 1763; baseline 0.011 -1"><span class='ocrx_word' id='word_1_39' title='bbox 839 1696 932 1763; x_wconf 86' lang='lat' dir='ltr'><strong>Xill.</strong></span> 
     </span>
    </p>
   </div>
   <div class='ocr_carea' id='block_1_5' title="bbox 284 1915 1452 4073">
    <p class='ocr_par' dir='ltr' id='par_1_5' title="bbox 284 1915 1452 4073">
     <span class='ocr_line' id='line_1_9' title="bbox 373 1915 1450 2014; baseline 0.005 -24"><span class='ocrx_word' id='word_1_40' title='bbox 373 1915 564 1990; x_wconf 83' lang='lat' dir='ltr'><strong>Praemittit</strong></span> <span class='ocrx_word' id='word_1_41' title='bbox 582 1915 793 1993; x_wconf 73' lang='lat' dir='ltr'><strong>Aristoteles</strong></span> <span class='ocrx_word' id='word_1_42' title='bbox 818 1916 920 1988; x_wconf 90' lang='lat' dir='ltr'><strong>initio</strong></span> <span class='ocrx_word' id='word_1_43' title='bbox 950 1915 1068 2011; x_wconf 90' lang='lat' dir='ltr'><strong>operis</strong></span> <span class='ocrx_word' id='word_1_44' title='bbox 1093 1917 1147 2012; x_wconf 82' lang='lat'><strong>(1)</strong></span> <span class='ocrx_word' id='word_1_45' title='bbox 1179 1922 1401 2014; x_wconf 87' lang='lat' dir='ltr'><strong>quamviam</strong></span> <span class='ocrx_word' id='word_1_46' title='bbox 1418 1935 1450 1996; x_wconf 88' lang='lat' dir='ltr'><strong>et</strong></span> 
     </span>
     <span class='ocr_line' id='line_1_10' title="bbox 325 2030 1450 2131; baseline 0.005 -25"><span class='ocrx_word' id='word_1_47' title='bbox 325 2035 498 2131; x_wconf 79' lang='lat' dir='ltr'><strong>rationem</strong></span> <span class='ocrx_word' id='word_1_48' title='bbox 521 2035 595 2130; x_wconf 89' lang='lat' dir='ltr'><strong>ipse</strong></span> <span class='ocrx_word' id='word_1_49' title='bbox 614 2049 685 2107; x_wconf 80' lang='lat' dir='ltr'><strong>tota</strong></span> <span class='ocrx_word' id='word_1_50' title='bbox 707 2034 744 2105; x_wconf 91' lang='lat' dir='ltr'><strong>in</strong></span> <span class='ocrx_word' id='word_1_51' title='bbox 766 2030 1007 2126; x_wconf 86' lang='lat' dir='ltr'><strong>disputatione</strong></span> <span class='ocrx_word' id='word_1_52' title='bbox 1023 2046 1212 2127; x_wconf 84' lang='lat' dir='ltr'><strong>sequatur,</strong></span> <span class='ocrx_word' id='word_1_53' title='bbox 1232 2049 1268 2107; x_wconf 91' lang='lat' dir='ltr'><strong>et</strong></span> <span class='ocrx_word' id='word_1_54' title='bbox 1283 2036 1450 2131; x_wconf 86' lang='lat' dir='ltr'><strong>inhujus</strong></span> 
     </span>
     <span class='ocr_line' id='line_1_11' title="bbox 322 2146 1452 2248; baseline 0.007 -30"><span class='ocrx_word' id='word_1_55' title='bbox 322 2149 388 2219; x_wconf 88' lang='lat' dir='ltr'><strong>loci</strong></span> <span class='ocrx_word' id='word_1_56' title='bbox 402 2149 601 2240; x_wconf 88' lang='lat' dir='ltr'><strong>quaestione</strong></span> <span class='ocrx_word' id='word_1_57' title='bbox 621 2149 756 2221; x_wconf 89' lang='lat' dir='ltr'><strong>multus</strong></span> <span class='ocrx_word' id='word_1_58' title='bbox 771 2161 841 2235; x_wconf 90' lang='lat' dir='ltr'><strong>est,</strong></span> <span class='ocrx_word' id='word_1_59' title='bbox 858 2169 985 2241; x_wconf 81' lang='lat' dir='ltr'><strong>nempe</strong></span> <span class='ocrx_word' id='word_1_60' title='bbox 998 2146 1238 2219; x_wconf 87' lang='lat' dir='ltr'><strong>inchoandum</strong></span> <span class='ocrx_word' id='word_1_61' title='bbox 1256 2172 1335 2223; x_wconf 84' lang='lat' dir='ltr'><strong>esse</strong></span> <span class='ocrx_word' id='word_1_62' title='bbox 1354 2176 1374 2224; x_wconf 90' lang='lat' dir='ltr'><strong>a</strong></span> <span class='ocrx_word' id='word_1_63' title='bbox 1389 2175 1452 2248; x_wconf 84' lang='lat' dir='ltr'><strong>ge-¹</strong></span> 
     </span>
     <span class='ocr_line' id='line_1_12' title="bbox 322 2259 1450 2360; baseline 0.007 -30"><span class='ocrx_word' id='word_1_64' title='bbox 322 2261 469 2335; x_wconf 88' lang='lat' dir='ltr'><strong>neribus</strong></span> <span class='ocrx_word' id='word_1_65' title='bbox 485 2278 622 2335; x_wconf 83' lang='lat' dir='ltr'><strong>naturae</strong></span> <span class='ocrx_word' id='word_1_66' title='bbox 639 2260 990 2356; x_wconf 85' lang='lat' dir='ltr'><strong>contemplationem,</strong></span> <span class='ocrx_word' id='word_1_67' title='bbox 1009 2273 1062 2348; x_wconf 86' lang='lat' dir='ltr'><strong>ut,</strong></span> <span class='ocrx_word' id='word_1_68' title='bbox 1077 2259 1228 2355; x_wconf 76' lang='lat' dir='ltr'><strong>cognitis</strong></span> <span class='ocrx_word' id='word_1_69' title='bbox 1245 2263 1450 2360; x_wconf 83' lang='lat' dir='ltr'><strong>principiis,</strong></span> 
     </span>
     <span class='ocr_line' id='line_1_13' title="bbox 324 2375 1450 2473; baseline 0.009 -28"><span class='ocrx_word' id='word_1_70' title='bbox 324 2377 460 2450; x_wconf 79' lang='lat' dir='ltr'><strong>facilius</strong></span> <span class='ocrx_word' id='word_1_71' title='bbox 489 2392 605 2473; x_wconf 88' lang='lat' dir='ltr'><strong>partes</strong></span> <span class='ocrx_word' id='word_1_72' title='bbox 625 2378 776 2470; x_wconf 75' lang='lat' dir='ltr'><strong>singulae</strong></span> <span class='ocrx_word' id='word_1_73' title='bbox 788 2392 823 2449; x_wconf 90' lang='lat' dir='ltr'><strong>et</strong></span> <span class='ocrx_word' id='word_1_74' title='bbox 842 2378 1010 2472; x_wconf 84' lang='lat' dir='ltr'><strong>subjectae</strong></span> <span class='ocrx_word' id='word_1_75' title='bbox 1029 2375 1221 2470; x_wconf 86' lang='lat' dir='ltr'><strong>generibus</strong></span> <span class='ocrx_word' id='word_1_76' title='bbox 1239 2377 1450 2455; x_wconf 79' lang='lat' dir='ltr'><strong>differentiae</strong></span> 
     </span>
     <span class='ocr_line' id='line_1_14' title="bbox 325 2490 1450 2589; baseline 0.009 -29"><span class='ocrx_word' id='word_1_77' title='bbox 325 2490 590 2588; x_wconf 79' lang='lat' dir='ltr'><strong>intelligantur3</strong></span> <span class='ocrx_word' id='word_1_78' title='bbox 615 2516 727 2589; x_wconf 92' lang='lat' dir='ltr'><strong>genus</strong></span> <span class='ocrx_word' id='word_1_79' title='bbox 753 2494 854 2563; x_wconf 83' lang='lat' dir='ltr'><strong>enim</strong></span> <span class='ocrx_word' id='word_1_80' title='bbox 882 2491 1303 2585; x_wconf 87' lang='lat' dir='ltr'><strong>communionequadam</strong></span> <span class='ocrx_word' id='word_1_81' title='bbox 1336 2496 1450 2571; x_wconf 82' lang='lat' dir='ltr'><strong>varias</strong></span> 
     </span>
     <span class='ocr_line' id='line_1_15' title="bbox 323 2603 1450 2700; baseline 0.004 -24"><span class='ocrx_word' id='word_1_82' title='bbox 323 2620 441 2700; x_wconf 83' lang='lat' dir='ltr'><strong>partes</strong></span> <span class='ocrx_word' id='word_1_83' title='bbox 456 2603 641 2697; x_wconf 86' lang='lat' dir='ltr'><strong>complecti</strong></span> <span class='ocrx_word' id='word_1_84' title='bbox 659 2616 696 2673; x_wconf 85' lang='lat' dir='ltr'><strong>et</strong></span> <span class='ocrx_word' id='word_1_85' title='bbox 712 2603 821 2696; x_wconf 88' lang='lat' dir='ltr'><strong>magis</strong></span> <span class='ocrx_word' id='word_1_86' title='bbox 837 2603 1051 2697; x_wconf 84' lang='lat' dir='ltr'><strong>inpromptu</strong></span> <span class='ocrx_word' id='word_1_87' title='bbox 1067 2626 1156 2676; x_wconf 89' lang='lat' dir='ltr'><strong>esse.</strong></span> <span class='ocrx_word' id='word_1_88' title='bbox 1175 2605 1229 2676; x_wconf 82' lang='lat' dir='ltr'><strong>Ab</strong></span> <span class='ocrx_word' id='word_1_89' title='bbox 1246 2605 1312 2679; x_wconf 89' lang='lat' dir='ltr'><strong>ista</strong></span> <span class='ocrx_word' id='word_1_90' title='bbox 1330 2623 1450 2681; x_wconf 83' lang='lat' dir='ltr'><strong>autem</strong></span> 
     </span>
     <span class='ocr_line' id='line_1_16' title="bbox 324 2715 1448 2813; baseline 0.006 -23"><span class='ocrx_word' id='word_1_91' title='bbox 324 2718 460 2790; x_wconf 88' lang='lat' dir='ltr'><strong>ratione</strong></span> <span class='ocrx_word' id='word_1_92' title='bbox 494 2740 565 2788; x_wconf 91' lang='lat' dir='ltr'><strong>non</strong></span> <span class='ocrx_word' id='word_1_93' title='bbox 594 2715 732 2790; x_wconf 84' lang='lat' dir='ltr'><strong>deflecti</strong></span> <span class='ocrx_word' id='word_1_94' title='bbox 760 2729 846 2789; x_wconf 83' lang='lat' dir='ltr'><strong>totat</strong></span> <span class='ocrx_word' id='word_1_95' title='bbox 879 2717 917 2787; x_wconf 92' lang='lat' dir='ltr'><strong>in</strong></span> <span class='ocrx_word' id='word_1_96' title='bbox 949 2740 988 2789; x_wconf 86' lang='lat' dir='ltr'><strong>ea</strong></span> <span class='ocrx_word' id='word_1_97' title='bbox 1020 2720 1338 2813; x_wconf 80' lang='lat' dir='ltr'><strong>commentatione3</strong></span> <span class='ocrx_word' id='word_1_98' title='bbox 1365 2747 1448 2796; x_wconf 92' lang='lat' dir='ltr'><strong>nam</strong></span> 
     </span>
     <span class='ocr_line' id='line_1_17' title="bbox 323 2832 1447 2929; baseline 0.006 -26"><span class='ocrx_word' id='word_1_99' title='bbox 323 2847 512 2929; x_wconf 84' lang='lat' dir='ltr'><strong>antequam</strong></span> <span class='ocrx_word' id='word_1_100' title='bbox 524 2832 681 2928; x_wconf 80' lang='lat' dir='ltr'><strong>singulas</strong></span> <span class='ocrx_word' id='word_1_101' title='bbox 699 2846 834 2904; x_wconf 89' lang='lat' dir='ltr'><strong>naturae</strong></span> <span class='ocrx_word' id='word_1_102' title='bbox 850 2847 965 2925; x_wconf 85' lang='lat' dir='ltr'><strong>partes</strong></span> <span class='ocrx_word' id='word_1_103' title='bbox 974 2846 1009 2906; x_wconf 93' lang='lat' dir='ltr'><strong>et</strong></span> <span class='ocrx_word' id='word_1_104' title='bbox 1022 2833 1238 2906; x_wconf 82' lang='lat' dir='ltr'><strong>differentias</strong></span> <span class='ocrx_word' id='word_1_105' title='bbox 1250 2848 1447 2928; x_wconf 80' lang='lat' dir='ltr'><strong>scrutetur,</strong></span> 
     </span>
     <span class='ocr_line' id='line_1_18' title="bbox 324 2949 1448 3046; baseline 0.005 -27"><span class='ocrx_word' id='word_1_106' title='bbox 324 2949 435 3042; x_wconf 87' lang='lat' dir='ltr'><strong>ipsam</strong></span> <span class='ocrx_word' id='word_1_107' title='bbox 456 2961 640 3031; x_wconf 86' lang='lat' dir='ltr'><strong>naturam,</strong></span> <span class='ocrx_word' id='word_1_108' title='bbox 663 2961 701 3018; x_wconf 83' lang='lat' dir='ltr'><strong>ut</strong></span> <span class='ocrx_word' id='word_1_109' title='bbox 719 2970 830 3041; x_wconf 89' lang='lat' dir='ltr'><strong>genus</strong></span> <span class='ocrx_word' id='word_1_110' title='bbox 850 2971 1039 3037; x_wconf 89' lang='lat' dir='ltr'><strong>commune</strong></span> <span class='ocrx_word' id='word_1_111' title='bbox 1056 2950 1238 3034; x_wconf 86' lang='lat' dir='ltr'><strong>omnium,</strong></span> <span class='ocrx_word' id='word_1_112' title='bbox 1260 2952 1448 3046; x_wconf 78' lang='lat' dir='ltr'><strong>percipere</strong></span> 
     </span>
     <span class='ocr_line' id='line_1_19' title="bbox 284 3059 1448 3160; baseline 0.003 -24"><span class='ocrx_word' id='word_1_113' title='bbox 284 3059 290 3071; x_wconf 56' lang='lat'><strong><em>⁹</em></strong></span> <span class='ocrx_word' id='word_1_114' title='bbox 323 3079 472 3137; x_wconf 87' lang='lat' dir='ltr'><strong>conatur</strong></span> <span class='ocrx_word' id='word_1_115' title='bbox 500 3076 534 3134; x_wconf 88' lang='lat' dir='ltr'><strong>et</strong></span> <span class='ocrx_word' id='word_1_116' title='bbox 561 3061 731 3153; x_wconf 83' lang='lat' dir='ltr'><strong>definire3</strong></span> <span class='ocrx_word' id='word_1_117' title='bbox 762 3061 810 3133; x_wconf 84' lang='lat' dir='ltr'><strong>ita</strong></span> <span class='ocrx_word' id='word_1_118' title='bbox 837 3060 941 3156; x_wconf 81' lang='lat' dir='ltr'><strong>etiam</strong></span> <span class='ocrx_word' id='word_1_119' title='bbox 978 3062 1129 3158; x_wconf 83' lang='lat' dir='ltr'><strong>requirit</strong></span> <span class='ocrx_word' id='word_1_120' title='bbox 1157 3064 1257 3158; x_wconf 90' lang='lat' dir='ltr'><strong>prius</strong></span> <span class='ocrx_word' id='word_1_121' title='bbox 1289 3066 1380 3160; x_wconf 91' lang='lat' dir='ltr'><strong>quid</strong></span> <span class='ocrx_word' id='word_1_122' title='bbox 1403 3071 1448 3140; x_wconf 91' lang='lat' dir='ltr'><strong>sit</strong></span> 
     </span>
     <span class='ocr_line' id='line_1_20' title="bbox 324 3169 1442 3274; baseline 0.004 -27"><span class='ocrx_word' id='word_1_123' title='bbox 324 3169 442 3270; x_wconf 85' lang='lat' dir='ltr'><strong>perse</strong></span> <span class='ocrx_word' id='word_1_124' title='bbox 460 3176 641 3248; x_wconf 87' lang='lat' dir='ltr'><strong>infinitum</strong></span> <span class='ocrx_word' id='word_1_125' title='bbox 663 3199 769 3271; x_wconf 84' lang='lat' dir='ltr'><strong>quarn</strong></span> <span class='ocrx_word' id='word_1_126' title='bbox 796 3176 948 3270; x_wconf 80' lang='lat' dir='ltr'><strong>spatium</strong></span> <span class='ocrx_word' id='word_1_127' title='bbox 966 3189 1002 3247; x_wconf 90' lang='lat' dir='ltr'><strong>et</strong></span> <span class='ocrx_word' id='word_1_128' title='bbox 1030 3174 1169 3271; x_wconf 82' lang='lat' dir='ltr'><strong>ternpus</strong></span> <span class='ocrx_word' id='word_1_129' title='bbox 1196 3179 1442 3274; x_wconf 81' lang='lat' dir='ltr'><strong>aggrediatur3</strong></span> 
     </span>
     <span class='ocr_line' id='line_1_21' title="bbox 323 3290 1445 3388; baseline 0.009 -30"><span class='ocrx_word' id='word_1_130' title='bbox 323 3303 491 3385; x_wconf 83' lang='lat' dir='ltr'><strong>percepta</strong></span> <span class='ocrx_word' id='word_1_131' title='bbox 515 3290 685 3382; x_wconf 88' lang='lat' dir='ltr'><strong>temporis</strong></span> <span class='ocrx_word' id='word_1_132' title='bbox 707 3303 742 3360; x_wconf 89' lang='lat' dir='ltr'><strong>et</strong></span> <span class='ocrx_word' id='word_1_133' title='bbox 760 3291 861 3384; x_wconf 88' lang='lat' dir='ltr'><strong>spatii</strong></span> <span class='ocrx_word' id='word_1_134' title='bbox 883 3305 1007 3362; x_wconf 87' lang='lat' dir='ltr'><strong>natura</strong></span> <span class='ocrx_word' id='word_1_135' title='bbox 1030 3295 1073 3364; x_wconf 87' lang='lat' dir='ltr'><strong>ad</strong></span> <span class='ocrx_word' id='word_1_136' title='bbox 1089 3315 1127 3363; x_wconf 89' lang='lat' dir='ltr'><strong>ea</strong></span> <span class='ocrx_word' id='word_1_137' title='bbox 1143 3290 1281 3364; x_wconf 87' lang='lat' dir='ltr'><strong>accedit</strong></span> <span class='ocrx_word' id='word_1_138' title='bbox 1309 3316 1391 3388; x_wconf 88' lang='lat' dir='ltr'><strong>quaa</strong></span> <span class='ocrx_word' id='word_1_139' title='bbox 1408 3295 1445 3368; x_wconf 92' lang='lat' dir='ltr'><strong>in</strong></span> 
     </span>
     <span class='ocr_line' id='line_1_22' title="bbox 324 3401 1443 3499; baseline 0.01 -28"><span class='ocrx_word' id='word_1_140' title='bbox 324 3413 482 3494; x_wconf 86' lang='lat' dir='ltr'><strong>tempore</strong></span> <span class='ocrx_word' id='word_1_141' title='bbox 496 3412 531 3470; x_wconf 87' lang='lat' dir='ltr'><strong>et</strong></span> <span class='ocrx_word' id='word_1_142' title='bbox 552 3401 663 3494; x_wconf 86' lang='lat' dir='ltr'><strong>spatio</strong></span> <span class='ocrx_word' id='word_1_143' title='bbox 685 3401 933 3496; x_wconf 78' lang='lat' dir='ltr'><strong>continentur3</strong></span> <span class='ocrx_word' id='word_1_144' title='bbox 957 3405 1097 3499; x_wconf 84' lang='lat' dir='ltr'><strong>cognito</strong></span> <span class='ocrx_word' id='word_1_145' title='bbox 1116 3421 1233 3491; x_wconf 84' lang='lat' dir='ltr'><strong>motu,</strong></span> <span class='ocrx_word' id='word_1_146' title='bbox 1263 3409 1443 3482; x_wconf 85' lang='lat' dir='ltr'><strong>admotus</strong></span> 
     </span>
     <span class='ocr_line' id='line_1_23' title="bbox 322 3507 1442 3612; baseline 0.011 -27"><span class='ocrx_word' id='word_1_147' title='bbox 322 3514 447 3588; x_wconf 82' lang='lat' dir='ltr'><strong>varios.</strong></span> <span class='ocrx_word' id='word_1_148' title='bbox 468 3521 516 3588; x_wconf 89' lang='lat' dir='ltr'><strong>Ea</strong></span> <span class='ocrx_word' id='word_1_149' title='bbox 530 3530 648 3588; x_wconf 85' lang='lat' dir='ltr'><strong>autem</strong></span> <span class='ocrx_word' id='word_1_150' title='bbox 679 3517 767 3590; x_wconf 83' lang='lat' dir='ltr'><strong>ratio</strong></span> <span class='ocrx_word' id='word_1_151' title='bbox 788 3542 859 3589; x_wconf 91' lang='lat' dir='ltr'><strong>non</strong></span> <span class='ocrx_word' id='word_1_152' title='bbox 878 3507 1018 3590; x_wconf 81' lang='lat' dir='ltr'><strong>inutilis</strong></span> <span class='ocrx_word' id='word_1_153' title='bbox 1047 3521 1083 3591; x_wconf 92' lang='lat' dir='ltr'><strong>in</strong></span> <span class='ocrx_word' id='word_1_154' title='bbox 1101 3521 1261 3593; x_wconf 86' lang='lat' dir='ltr'><strong>docendo</strong></span> <span class='ocrx_word' id='word_1_155' title='bbox 1272 3520 1378 3596; x_wconf 80' lang='lat' dir='ltr'><strong>suerit</strong></span> <span class='ocrx_word' id='word_1_156' title='bbox 1385 3576 1395 3612; x_wconf 91' lang='lat'>,</span> <span class='ocrx_word' id='word_1_157' title='bbox 1413 3526 1442 3597; x_wconf 86' lang='lat' dir='ltr'><strong>si</strong></span> 
     </span>
     <span class='ocr_line' id='line_1_24' title="bbox 316 3631 1442 3729; baseline 0.009 -29"><span class='ocrx_word' id='word_1_158' title='bbox 316 3631 391 3723; x_wconf 86' lang='lat' dir='ltr'><strong>jam</strong></span> <span class='ocrx_word' id='word_1_159' title='bbox 407 3643 488 3700; x_wconf 86' lang='lat' dir='ltr'><strong>ante</strong></span> <span class='ocrx_word' id='word_1_160' title='bbox 502 3645 667 3724; x_wconf 88' lang='lat' dir='ltr'><strong>percepta</strong></span> <span class='ocrx_word' id='word_1_161' title='bbox 690 3631 776 3701; x_wconf 90' lang='lat' dir='ltr'><strong>velis</strong></span> <span class='ocrx_word' id='word_1_162' title='bbox 796 3635 935 3705; x_wconf 84' lang='lat' dir='ltr'><strong>tradere</strong></span> <span class='ocrx_word' id='word_1_163' title='bbox 947 3634 1043 3721; x_wconf 80' lang='lat' dir='ltr'><strong>aiiis3</strong></span> <span class='ocrx_word' id='word_1_164' title='bbox 1062 3635 1207 3729; x_wconf 83' lang='lat' dir='ltr'><strong>prodest</strong></span> <span class='ocrx_word' id='word_1_165' title='bbox 1221 3634 1340 3725; x_wconf 90' lang='lat' dir='ltr'><strong>enim,</strong></span> <span class='ocrx_word' id='word_1_166' title='bbox 1360 3662 1442 3722; x_wconf 87' lang='lat' dir='ltr'><strong>cum</strong></span> 
     </span>
     <span class='ocr_line' id='line_1_25' title="bbox 320 3742 1441 3838; baseline 0.012 -26"><span class='ocrx_word' id='word_1_167' title='bbox 320 3745 393 3838; x_wconf 85' lang='lat' dir='ltr'><strong>jam</strong></span> <span class='ocrx_word' id='word_1_168' title='bbox 420 3760 555 3814; x_wconf 84' lang='lat' dir='ltr'><strong>naturae</strong></span> <span class='ocrx_word' id='word_1_169' title='bbox 573 3742 666 3838; x_wconf 86' lang='lat' dir='ltr'><strong>leges</strong></span> <span class='ocrx_word' id='word_1_170' title='bbox 688 3757 827 3833; x_wconf 87' lang='lat' dir='ltr'><strong>teneas,</strong></span> <span class='ocrx_word' id='word_1_171' title='bbox 852 3744 930 3820; x_wconf 84' lang='lat' dir='ltr'><strong>ilias</strong></span> <span class='ocrx_word' id='word_1_172' title='bbox 949 3748 987 3818; x_wconf 93' lang='lat' dir='ltr'><strong>in</strong></span> <span class='ocrx_word' id='word_1_173' title='bbox 1007 3751 1121 3820; x_wconf 80' lang='lat' dir='ltr'><strong>fronte</strong></span> <span class='ocrx_word' id='word_1_174' title='bbox 1150 3750 1256 3825; x_wconf 82' lang='lat' dir='ltr'><strong>totius</strong></span> <span class='ocrx_word' id='word_1_175' title='bbox 1270 3748 1441 3826; x_wconf 81' lang='lat' dir='ltr'><strong>doctrinae</strong></span> 
     </span>
     <span class='ocr_line' id='line_1_26' title="bbox 325 3859 1438 3955; baseline 0.009 -26"><span class='ocrx_word' id='word_1_176' title='bbox 325 3879 540 3952; x_wconf 89' lang='lat' dir='ltr'><strong>proponere,</strong></span> <span class='ocrx_word' id='word_1_177' title='bbox 562 3870 617 3948; x_wconf 87' lang='lat' dir='ltr'><strong>ut,</strong></span> <span class='ocrx_word' id='word_1_178' title='bbox 644 3859 783 3953; x_wconf 85' lang='lat' dir='ltr'><strong>cognita</strong></span> <span class='ocrx_word' id='word_1_179' title='bbox 804 3860 1057 3955; x_wconf 86' lang='lat' dir='ltr'><strong>disputationis</strong></span> <span class='ocrx_word' id='word_1_180' title='bbox 1074 3885 1232 3952; x_wconf 88' lang='lat' dir='ltr'><strong>summa,</strong></span> <span class='ocrx_word' id='word_1_181' title='bbox 1263 3864 1438 3939; x_wconf 82' lang='lat' dir='ltr'><strong>variarum</strong></span> 
     </span>
     <span class='ocr_line' id='line_1_27' title="bbox 326 3973 1443 4073; baseline 0.009 -31"><span class='ocrx_word' id='word_1_182' title='bbox 326 3973 563 4066; x_wconf 75' lang='lat' dir='ltr'><strong>quaestionum</strong></span> <span class='ocrx_word' id='word_1_183' title='bbox 592 3974 679 4046; x_wconf 88' lang='lat' dir='ltr'><strong>ordo</strong></span> <span class='ocrx_word' id='word_1_184' title='bbox 708 3975 919 4048; x_wconf 84' lang='lat' dir='ltr'><strong>illustretur.</strong></span> <span class='ocrx_word' id='word_1_185' title='bbox 958 3978 1208 4050; x_wconf 86' lang='lat' dir='ltr'><strong>Mathematicis</strong></span> <span class='ocrx_word' id='word_1_186' title='bbox 1232 3977 1338 4050; x_wconf 87' lang='lat' dir='ltr'><strong>etiam</strong></span> <span class='ocrx_word' id='word_1_187' title='bbox 1363 3992 1443 4073; x_wconf 89' lang='lat' dir='ltr'><strong>apta</strong></span> 
     </span>
    </p>
   </div>
   <div class='ocr_carea' id='block_1_6' title="bbox 362 4247 944 4330">
    <p class='ocr_par' dir='ltr' id='par_1_6' title="bbox 362 4247 944 4330">
     <span class='ocr_line' id='line_1_28' title="bbox 362 4247 944 4330; baseline 0.017 -27"><span class='ocrx_word' id='word_1_188' title='bbox 362 4247 403 4319; x_wconf 85' lang='lat'><strong>(1)</strong></span> <span class='ocrx_word' id='word_1_189' title='bbox 421 4248 944 4330; x_wconf 79' lang='lat' dir='ltr'><strong>Lib.1,cap.1et731ib.111‚oap.1.</strong></span> 
     </span>
    </p>
   </div>
   <div class='ocr_carea' id='block_1_7' title="bbox 0 0 1784 5392">
    <p class='ocr_par' dir='ltr' id='par_1_7' title="bbox 0 0 1784 5392">
     <span class='ocr_line' id='line_1_29' title="bbox 0 0 1784 5392; baseline 0 2"><span class='ocrx_word' id='word_1_190' title='bbox 0 0 1784 5392; x_wconf 95' lang='lat' dir='ltr'><strong> </strong></span> 
     </span>
    </p>
   </div>
  </div>
 </body>
</html>
