3559 5392
556 478 649 577 ,ηδ’

306 606 317 731 Ι,
380 628 445 687 τ’
521 670 551 721 p.
684 724 705 749 ·.
764 628 954 725 -dd-rjg

326 802 369 877 ln
399 819 442 869 eo
468 809 653 885 momento
687 794 871 869 individuo
902 746 1155 902 consociantur
1180 796 1487 911 praeteritum²
1481 800 1493 835 f

281 923 423 1004 tempus
454 923 491 983 et
519 911 714 1003 suturum3.
743 907 926 983 vinculum
955 911 1049 983 enim
1082 911 1271 1017 utriusque
1295 924 1408 984 estet

282 1025 387 1096 simui
415 1024 611 1117 terminus3
641 1047 681 1096 er
711 1047 782 1117 quo
810 1024 964 1098 eflicitur
986 1039 1026 1098 ut
1051 1039 1191 1120 tempus
1216 1026 1252 1097 in
1278 1026 1407 1098 eodem

281 1139 448 1213 desinens
467 1151 502 1210 et
516 1137 691 1232 incipiens
707 1160 892 1232 nunquam
905 1141 1012 1211 finem
1028 1140 1155 1236 capiat.

333 1338 451 1448 Quum
471 1387 578 1459 porro
595 1362 758 1437 deiinitio
779 1379 897 1438 motus
915 1367 959 1438 ad
979 1379 1121 1461 tempus
1147 1367 1320 1439 reseratur
1329 1370 1405 1463 (1),

284 1478 456 1573 temporis
485 1478 531 1552 ad
564 1493 722 1566 motum,
759 1494 855 1579 recte
886 1480 1038 1555 sumitur
1069 1504 1089 1553 e
1133 1497 1292 1576 ternpore
1328 1505 1410 1553 mo-

284 1605 342 1665 tus
376 1615 556 1665 mensura.
607 1597 751 1665 Constat
789 1594 884 1664 onim
916 1617 957 1667 ex
986 1607 1084 1667 motu
1120 1595 1272 1690 simplici
1301 1607 1411 1687 atque

284 1707 413 1803 aequati
446 1732 634 1798 mensura,
675 1709 736 1781 itto
777 1709 942 1782 videlicet
965 1711 1027 1802 qui
1059 1710 1095 1780 in
1119 1710 1292 1781 circulum
1320 1711 1437 1781 fleo·

287 1821 393 1914 titur3
423 1844 465 1892 ex
487 1821 553 1894 isto
568 1835 685 1894 autern
704 1836 827 1910 motu,
851 1835 892 1895 ut
910 1826 1047 1919 primo,
1068 1812 1236 1896 mensura
1254 1824 1408 1896 aliorum

282 1934 529 2029 ,temporisque
557 1935 668 2030 ipsius
704 1936 905 2010 deducitur.
959 1944 1132 2034 Tempore
1156 1938 1259 2010 etiam
1292 1937 1412 2009 metiri

288 2049 444 2145 quietem
462 2073 670 2143 possumus,
687 2052 861 2146 ,quoniam
878 2067 1018 2147 tempus
1036 2076 1107 2125 non
1123 2066 1176 2124 cst
1188 2051 1409 2146 motusipse,
1462 2070 1464 2075 ·

287 2166 350 2238 sed
369 2164 406 2235 in
423 2177 522 2237 motu
543 2154 726 2238 numerus
749 2168 852 2249 Quod
877 2191 990 2263 quum
1006 2169 1053 2240 ita
1070 2169 1135 2255 sit,
1162 2168 1198 2238 in
1215 2180 1338 2262 aperto
1357 2179 1413 2240 est

288 2303 361 2353 non
380 2280 483 2354 aliter
498 2276 570 2353 dici
592 2302 612 2352 a
629 2281 732 2355 nobis
753 2282 886 2376 aliquid
904 2307 981 2356 esse
998 2283 1036 2354 in
1055 2297 1234 2379 ternpore,
1254 2284 1412 2378 quamsi
1445 2286 1450 2297 '

268 2392 450 2473 „dicamus
468 2419 510 2468 ex
536 2411 695 2492 tempore
713 2411 875 2470 constare
895 2397 991 2471 illius
1010 2421 1231 2490 mensuram3
1262 2398 1299 2468 in
1318 2410 1413 2470 tem-

288 2531 376 2604 pore
398 2533 482 2605 ergo
503 2495 575 2582 non
592 2532 668 2582 esse
684 2522 817 2582 aeterna
835 2523 871 2582 et
893 2510 1071 2599 coelestia,
1101 2509 1412 2606 quandoquidem

291 2648 407 2718 neque
420 2641 516 2698 certo
532 2639 567 2699 et
586 2626 687 2698 sinito
703 2625 741 2698 in
760 2639 919 2723 tempore
940 2628 1185 2718 continentur,
1217 2649 1334 2722 neque
1349 2625 1413 2700 ali·
1498 2636 1500 2640 ’

290 2763 397 2836 quarn
413 2741 545 2816 habent
566 2757 744 2837 sumptam
758 2764 778 2814 e
793 2756 953 2838 tempore
971 2763 1189 2816 mensuram.

804 3024 895 3091 vill.

344 3274 426 3341 Post
440 3291 517 3341 eam
532 3269 754 3363 interjectam
769 3270 813 3342 de
827 3269 981 3356 infinito,
995 3283 1154 3364 ternpore
1169 3281 1204 3342 et
1216 3267 1330 3372 spatio
1344 3268 1417 3340 dis·

293 3385 529 3516 putationem,
554 3384 647 3459 redit
663 3384 709 3458 ad
724 3398 888 3457 naturam
908 3383 1125 3458 Aristoteles
1150 3385 1220 3458 Sed
1235 3408 1318 3456 cum
1341 3386 1413 3476 jam

295 3502 331 3573 in
348 3500 531 3597 prioribus
549 3500 667 3574 declar
668 3513 766 3573 atum
781 3498 826 3572 sit
844 3514 1007 3575 naturam
1021 3522 1098 3573 esse
1112 3521 1253 3573 causam
1271 3512 1413 3590 motus,

296 3617 551 3689 insubstantia
573 3617 693 3710 aliqua
719 3615 882 3700 insitam,
912 3614 1115 3710 formaeque
1141 3613 1354 3687 effectricem
1382 3625 1417 3687 et

294 3745 432 3803 certum
461 3732 566 3801 tinem
593 3741 853 3825 appetentem,
875 3728 1055 3825 reliquum
1080 3741 1133 3801 est
1169 3741 1210 3801 ut
1237 3731 1417 3801 demotus
1506 3739 1508 3742 ’

294 3844 431 3941 origine
458 3858 493 3918 et
518 3845 608 3933 fine,
637 3843 738 3917 etde
768 3843 844 3940 ipsa
870 3844 983 3918 forma
1007 3844 1189 3940 requirat;
1217 3866 1298 3939 quae
1325 3842 1418 3915 ratio

297 3975 369 4035 tota
388 3959 424 4032 in
451 3972 568 4034 motus
595 3955 817 4057 indagatione
840 3971 1011 4046 versatur,
1041 3954 1351 4054 quandoquidem
1379 3956 1417 4027 in

307 4257 309 4261 ’
331 4300 454 4376 (arna.
470 4300 602 4377 ivam.
615 4299 667 4366 n,
685 4246 862 4374 naaman.
