3559 5392
899 649 1056 705 ..12-

416 809 565 876 Causam
585 823 666 873 vero
680 797 855 895 ejusmodi
877 821 985 895 supra
999 811 1153 870 mentem
1172 807 1208 870 et
1234 809 1400 869 naturam
1427 795 1543 867 eollo-

415 941 494 993 oare
509 916 721 1004 absurdum3
742 926 878 986 nonest
893 911 988 985 euim
1006 933 1074 1006 per
1097 932 1157 1003 se,
1174 908 1343 1006 quoniam
1365 909 1542 1000 ‘fortuita3

416 1033 452 1116 iu
480 1045 598 1104 autem
630 1027 726 1123 quod
755 1040 807 1100 est
830 1051 895 1122 per
920 1050 958 1100 se
986 1026 1123 1122 primas
1152 1037 1271 1098 teneat
1301 1045 1450 1097 neeesse
1475 1035 1540 1096 est.

415 1153 568 1218 Tantum
584 1144 685 1216 abest
698 1143 804 1215 etiam
818 1154 857 1214 ut
875 1140 1017 1213 fortuna
1035 1154 1071 1215 et
1087 1137 1331 1215 easusomnia
1350 1137 1390 1209 in
1414 1152 1544 1211 natura

417 1262 666 1346 moderentur,
708 1272 746 1331 ut
769 1257 887 1356 potius
907 1255 1023 1328 causis
1039 1255 1263 1328 naturalibus
1280 1267 1314 1325 et
1332 1252 1544 1326 voluntariis

416 1388 656 1462 occurrentes,
669 1370 898 1450 easatinibus
907 1368 984 1441 suis
995 1388 1160 1443 amovere
1169 1367 1367 1441 videantur.
1391 1372 1545 1439 Rectum

395 1471 399 1478 ¹
417 1489 514 1562 enim
531 1502 565 1562 et
575 1497 702 1564 Bonum
716 1487 851 1583 appetit
866 1499 1013 1574 natura,
1028 1488 1090 1561 sed
1099 1484 1139 1559 in
1151 1486 1236 1559 istas
1243 1507 1366 1581 causas
1380 1485 1545 1557 fortuitas

419 1603 599 1691 incidens,
635 1605 877 1692 disturbatur,
899 1600 1081 1696 efficitque
1096 1598 1134 1674 id
1146 1601 1243 1696 quod
1257 1614 1329 1673 non
1346 1599 1497 1695 agebat,
1512 1611 1546 1670 et

418 1719 455 1790 in
471 1742 629 1791 errorem
643 1717 839 1791 inducitur.
1083 1702 1085 1705 ⁵
1304 1714 1311 1724 ”
1343 1768 1345 1772 -

431 1898 435 1902 .
1220 1866 1236 1905 0

450 2036 453 2040 ἡ
469 1941 585 2016 Altius
609 1943 715 2016 etiam
739 1962 862 2033 causas
881 1939 1036 2023 fortunae
1051 1954 1085 2014 et
1101 1964 1205 2014 casus
1219 1955 1398 2014 scrutatus
1413 1944 1549 2018 Aristo·

422 2054 527 2146 telos,
554 2057 689 2129 nullam
720 2079 870 2152 prorsus
897 2079 975 2129 esse
1004 2079 1148 2130 cansam
1185 2055 1365 2129 fortuitam
1400 2060 1550 2152 profite-

422 2184 483 2244 tur
496 2170 552 2272 (t)
572 2199 580 2242 ε
603 2176 752 2245 Causam
773 2195 903 2269 nempe
921 2195 1063 2246 omnem
1081 2172 1127 2245 ad
1145 2171 1252 2261 finem
1273 2169 1428 2265 aliquem
1443 2195 1550 2267 spec-

423 2299 519 2378 tare3
535 2285 596 2359 sed
607 2340 617 2372 ,
629 2311 711 2358 cum
723 2287 829 2359 variae
842 2287 913 2361 sint
924 2301 959 2360 et
969 2286 1207 2359 multiformes
1219 2307 1351 2375 causae,
1369 2283 1548 2357 aliamaiii

424 2400 553 2494 objici,
580 2400 829 2496 implicarique
844 2415 988 2490 mutuo,
1006 2413 1112 2500 atque
1126 2399 1195 2488 ita,
1212 2400 1375 2492 quamvis
1390 2400 1491 2472 nulia
1506 2399 1550 2473 sit

425 2538 489 2609 per
513 2538 551 2586 se
574 2515 718 2588 fortuita
748 2540 870 2603 eausa,
900 2517 1087 2589 fortuitum
1113 2528 1234 2588 tamen·
1257 2515 1393 2607 aliquid
1414 2515 1549 2588 enasci.

427 2627 734 2711 Quemadmodum
755 2630 852 2702 enim
872 2630 951 2704 eoeli
970 2633 1104 2718 motus,
1131 2652 1196 2724 per
1217 2652 1255 2701 se
1275 2652 1368 2702 unus
1383 2642 1419 2702 et
1435 2629 1549 2718 idem,

426 2760 544 2819 tamen
570 2764 612 2816 ex
638 2742 798 2817 locorum
826 2745 1032 2827 diversitate
1058 2743 1225 2840 varioque
1251 2744 1373 2816 habitu
1393 2747 1552 2819 materiae

427 2860 484 2933 cui
504 2859 732 2954 adjungitur,
758 2861 872 2934 varios
890 2878 925 2936 et
943 2863 1136 2956 inaequales
1154 2852 1338 2935 diducitur
1356 2860 1393 2932 in
1410 2875 1549 2951 motus,

428 2975 480 3048 sio
493 2979 771 3061 naturamrerto
781 2976 1179 3073 tineproposito,quum
1191 2975 1324 3048 interea
1337 2976 1551 3063 hunesmem

428 3089 575 3163 diversis
592 3090 804 3179 rationibus¹
816 3107 1075 3189 prosequatur,
1097 3090 1170 3164 falli
1184 3090 1353 3180 fortuito,
1373 3104 1408 3164 et
1425 3114 1447 3164 a
1464 3116 1553 3166 oon·

427 3205 550 3279 stituto
566 3209 637 3280 iine
648 3209 825 3281 aberrare.

478 3436 627 3512 Obstare
644 3435 750 3510 etiam
776 3434 959 3509 materiam
981 3435 1037 3535 (2)
1055 3437 1144 3534 quin
1170 3449 1266 3511 recte
1294 3438 1411 3511 omnia
1433 3439 1471 3512 in
1493 3465 1555 3514 na·

428 3568 507 3627 tura
526 3556 744 3649 procedant:
763 3548 922 3624 materiae
943 3537 1040 3625 enim
1058 3552 1221 3649 aliquam·
1235 3552 1351 3625 inesse
1368 3557 1554 3628 necessita·

429 3681 516 3754 tem,
551 3690 622 3739 non
643 3664 691 3738 ita
711 3664 855 3761 quidem
877 3680 917 3740 ut
932 3667 1132 3741 necessario
1160 3667 1323 3763 singula,
1346 3667 1379 3739 vi
1399 3672 1554 3769 quadam

429 3781 611 3869 materiae,
631 3781 670 3853 in
688 3804 793 3854 suum
813 3784 975 3876 ordinem
999 3779 1257 3878 disponantur3
1276 3782 1553 3860 sed-eumsemei

429 3899 540 3971 finem
559 3895 628 3970 sibi
640 3894 804 3993 ‘aliquem
823 3911 948 3972 natura
966 3898 1154 3996 proposuit
1168 3897 1301 3996 requiri
1320 3912 1459 3972 eertum
1478 3924 1556 3974 ma·

467 4206 508 4280 (q
526 4207 590 4264 nra.
604 4207 650 4281 n,
664 4222 724 4281 cap.
740 4207 777 4278 a,
790 4208 810 4267 r.
827 4210 890 4267 rar.

465 4295 505 4369 (a)
523 4293 587 4354 tit.
599 4295 721 4369 tuem.
733 4296 765 4364 a,
779 4298 799 4356 f.
812 4297 874 4356 aoo.
