<?xml version="1.0" encoding="UTF-8"?>
<!DOCTYPE html PUBLIC "-//W3C//DTD XHTML 1.0 Transitional//EN"
    "http://www.w3.org/TR/xhtml1/DTD/xhtml1-transitional.dtd">
<html xmlns="http://www.w3.org/1999/xhtml" xml:lang="en" lang="en">
 <head>
  <title>
</title>
<meta http-equiv="Content-Type" content="text/html;charset=utf-8" />
  <meta name='ocr-system' content='tesseract 3.04.00' />
  <meta name='ocr-capabilities' content='ocr_page ocr_carea ocr_par ocr_line ocrx_word'/>
</head>
<body>
  <div class='ocr_page' id='page_1' title='image "./inaristotelispl00zvgoog_0060.png"; bbox 0 0 3559 5392; ppageno 0'>
   <div class='ocr_carea' id='block_1_1' title="bbox 902 685 1060 741">
    <p class='ocr_par' dir='ltr' id='par_1_1' title="bbox 902 685 1060 741">
     <span class='ocr_line' id='line_1_1' title="bbox 902 685 1060 741; baseline 0.006 -17"><span class='ocrx_word' id='word_1_1' title='bbox 902 685 1060 741; x_wconf 75' lang='lat'>..50-</span> 
     </span>
    </p>
   </div>
   <div class='ocr_carea' id='block_1_2' title="bbox 411 828 1576 2531">
    <p class='ocr_par' dir='ltr' id='par_1_2' title="bbox 411 828 1576 2531">
     <span class='ocr_line' id='line_1_2' title="bbox 466 828 1543 930; baseline 0.001 -24"><span class='ocrx_word' id='word_1_2' title='bbox 466 835 529 906; x_wconf 86' lang='lat' dir='ltr'><strong>llis</strong></span> <span class='ocrx_word' id='word_1_3' title='bbox 551 831 689 929; x_wconf 86' lang='lat' dir='ltr'><strong>positis,</strong></span> <span class='ocrx_word' id='word_1_4' title='bbox 704 828 886 903; x_wconf 86' lang='lat' dir='ltr'><strong>videamus</strong></span> <span class='ocrx_word' id='word_1_5' title='bbox 903 830 990 925; x_wconf 90' lang='lat' dir='ltr'><strong>quid</strong></span> <span class='ocrx_word' id='word_1_6' title='bbox 1004 833 1145 905; x_wconf 82' lang='lat' dir='ltr'><strong>ualeant</strong></span> <span class='ocrx_word' id='word_1_7' title='bbox 1160 845 1314 929; x_wconf 88' lang='lat' dir='ltr'><strong>quatuor</strong></span> <span class='ocrx_word' id='word_1_8' title='bbox 1333 835 1393 907; x_wconf 87' lang='lat' dir='ltr'><strong>illa</strong></span> <span class='ocrx_word' id='word_1_9' title='bbox 1409 836 1543 930; x_wconf 90' lang='lat' dir='ltr'><strong>princi·</strong></span> 
     </span>
     <span class='ocr_line' id='line_1_3' title="bbox 416 946 1541 1044; baseline 0 -23"><span class='ocrx_word' id='word_1_10' title='bbox 416 949 473 1044; x_wconf 91' lang='lat' dir='ltr'><strong>pia</strong></span> <span class='ocrx_word' id='word_1_11' title='bbox 487 972 527 1021; x_wconf 86' lang='lat' dir='ltr'><strong>ex</strong></span> <span class='ocrx_word' id='word_1_12' title='bbox 555 946 690 1044; x_wconf 89' lang='lat' dir='ltr'><strong>quibus</strong></span> <span class='ocrx_word' id='word_1_13' title='bbox 715 946 870 1040; x_wconf 87' lang='lat' dir='ltr'><strong>pendere</strong></span> <span class='ocrx_word' id='word_1_14' title='bbox 885 946 1005 1017; x_wconf 92' lang='lat' dir='ltr'><strong>omnia</strong></span> <span class='ocrx_word' id='word_1_15' title='bbox 1021 960 1144 1019; x_wconf 88' lang='lat' dir='ltr'><strong>censet</strong></span> <span class='ocrx_word' id='word_1_16' title='bbox 1172 947 1398 1040; x_wconf 60' lang='lat' dir='ltr'><strong>Aristotelem</strong></span> <span class='ocrx_word' id='word_1_17' title='bbox 1422 965 1541 1024; x_wconf 87' lang='lat' dir='ltr'><strong>utrum</strong></span> 
     </span>
     <span class='ocr_line' id='line_1_4' title="bbox 414 1058 1573 1159; baseline 0 -23"><span class='ocrx_word' id='word_1_18' title='bbox 414 1063 553 1159; x_wconf 85' lang='lat' dir='ltr'><strong>cognita</strong></span> <span class='ocrx_word' id='word_1_19' title='bbox 574 1058 740 1142; x_wconf 89' lang='lat' dir='ltr'><strong>materia,</strong></span> <span class='ocrx_word' id='word_1_20' title='bbox 766 1058 972 1151; x_wconf 79' lang='lat' dir='ltr'><strong>formaque,</strong></span> <span class='ocrx_word' id='word_1_21' title='bbox 993 1060 1176 1156; x_wconf 88' lang='lat' dir='ltr'><strong>principio</strong></span> <span class='ocrx_word' id='word_1_22' title='bbox 1196 1077 1314 1136; x_wconf 88' lang='lat' dir='ltr'><strong>motus</strong></span> <span class='ocrx_word' id='word_1_23' title='bbox 1334 1078 1369 1136; x_wconf 93' lang='lat' dir='ltr'><strong>et</strong></span> <span class='ocrx_word' id='word_1_24' title='bbox 1383 1065 1473 1151; x_wconf 82' lang='lat' dir='ltr'><strong>stne,</strong></span> <span class='ocrx_word' id='word_1_25' title='bbox 1495 1065 1541 1136; x_wconf 92' lang='lat' dir='ltr'><strong>sit</strong></span> <span class='ocrx_word' id='word_1_26' title='bbox 1569 1086 1573 1101; x_wconf 90' lang='grc'><strong><em>·</em></strong></span> 
     </span>
     <span class='ocr_line' id='line_1_5' title="bbox 414 1173 1576 1273; baseline -0.002 -21"><span class='ocrx_word' id='word_1_27' title='bbox 414 1180 545 1273; x_wconf 86' lang='lat' dir='ltr'><strong>cuique</strong></span> <span class='ocrx_word' id='word_1_28' title='bbox 565 1175 615 1248; x_wconf 93' lang='lat' dir='ltr'><strong>rei</strong></span> <span class='ocrx_word' id='word_1_29' title='bbox 641 1173 879 1261; x_wconf 79' lang='lat' dir='ltr'><strong>satisfactum,</strong></span> <span class='ocrx_word' id='word_1_30' title='bbox 896 1199 940 1246; x_wconf 93' lang='lat' dir='ltr'><strong>an</strong></span> <span class='ocrx_word' id='word_1_31' title='bbox 964 1176 1128 1270; x_wconf 88' lang='lat' dir='ltr'><strong>quaedam</strong></span> <span class='ocrx_word' id='word_1_32' title='bbox 1149 1176 1255 1249; x_wconf 89' lang='lat' dir='ltr'><strong>etiam</strong></span> <span class='ocrx_word' id='word_1_33' title='bbox 1274 1176 1540 1253; x_wconf 79' lang='lat' dir='ltr'><strong>desiderentur.</strong></span> <span class='ocrx_word' id='word_1_34' title='bbox 1573 1178 1576 1183; x_wconf 78' lang='grc'><strong>’</strong></span> 
     </span>
     <span class='ocr_line' id='line_1_6' title="bbox 414 1288 1542 1387; baseline 0.001 -23"><span class='ocrx_word' id='word_1_35' title='bbox 414 1290 583 1364; x_wconf 86' lang='lat' dir='ltr'>Nonnulli</span> <span class='ocrx_word' id='word_1_36' title='bbox 602 1302 720 1362; x_wconf 91' lang='lat' dir='ltr'><strong>autem</strong></span> <span class='ocrx_word' id='word_1_37' title='bbox 740 1289 884 1361; x_wconf 87' lang='lat' dir='ltr'><strong>luerunt</strong></span> <span class='ocrx_word' id='word_1_38' title='bbox 904 1288 960 1362; x_wconf 92' lang='lat' dir='ltr'><strong>his</strong></span> <span class='ocrx_word' id='word_1_39' title='bbox 974 1289 1106 1362; x_wconf 88' lang='lat' dir='ltr'><strong>nostris</strong></span> <span class='ocrx_word' id='word_1_40' title='bbox 1118 1292 1345 1385; x_wconf 77' lang='lat' dir='ltr'><strong>temporibus</strong></span> <span class='ocrx_word' id='word_1_41' title='bbox 1358 1293 1441 1387; x_wconf 92' lang='lat' dir='ltr'><strong>qui,</strong></span> <span class='ocrx_word' id='word_1_42' title='bbox 1458 1317 1542 1368; x_wconf 88' lang='lat' dir='ltr'><strong>aue·</strong></span> 
     </span>
     <span class='ocr_line' id='line_1_7' title="bbox 413 1404 1538 1504; baseline 0.002 -24"><span class='ocrx_word' id='word_1_43' title='bbox 413 1423 525 1481; x_wconf 92' lang='lat' dir='ltr'><strong>torem</strong></span> <span class='ocrx_word' id='word_1_44' title='bbox 543 1404 785 1477; x_wconf 76' lang='lat' dir='ltr'><strong>Verulamium</strong></span> <span class='ocrx_word' id='word_1_45' title='bbox 802 1405 934 1492; x_wconf 89' lang='lat' dir='ltr'><strong>secuti,</strong></span> <span class='ocrx_word' id='word_1_46' title='bbox 955 1405 1538 1504; x_wconf 70' lang='lat' dir='ltr'><strong>criminidarentrlristoteliquod</strong></span> 
     </span>
     <span class='ocr_line' id='line_1_8' title="bbox 414 1518 1541 1609; baseline 0.004 -16"><span class='ocrx_word' id='word_1_47' title='bbox 414 1520 673 1594; x_wconf 74' lang='lat' dir='ltr'><strong>inextricabiles</strong></span> <span class='ocrx_word' id='word_1_48' title='bbox 697 1519 733 1590; x_wconf 92' lang='lat' dir='ltr'><strong>iu</strong></span> <span class='ocrx_word' id='word_1_49' title='bbox 753 1518 908 1592; x_wconf 91' lang='lat' dir='ltr'><strong>rationes</strong></span> <span class='ocrx_word' id='word_1_50' title='bbox 923 1519 1122 1591; x_wconf 87' lang='lat' dir='ltr'><strong>induxisset</strong></span> <span class='ocrx_word' id='word_1_51' title='bbox 1137 1521 1342 1609; x_wconf 88' lang='lat' dir='ltr'><strong>scientiam,</strong></span> <span class='ocrx_word' id='word_1_52' title='bbox 1361 1538 1541 1596; x_wconf 90' lang='lat' dir='ltr'><strong>mentem-</strong></span> 
     </span>
     <span class='ocr_line' id='line_1_9' title="bbox 414 1632 1538 1732; baseline 0.002 -24"><span class='ocrx_word' id='word_1_53' title='bbox 414 1659 485 1732; x_wconf 91' lang='lat' dir='ltr'><strong>que</strong></span> <span class='ocrx_word' id='word_1_54' title='bbox 497 1635 687 1706; x_wconf 90' lang='lat' dir='ltr'><strong>humanam</strong></span> <span class='ocrx_word' id='word_1_55' title='bbox 699 1632 736 1703; x_wconf 92' lang='lat' dir='ltr'><strong>in</strong></span> <span class='ocrx_word' id='word_1_56' title='bbox 751 1632 1060 1725; x_wconf 86' lang='lat' dir='ltr'><strong>inviaconjecisset</strong></span> <span class='ocrx_word' id='word_1_57' title='bbox 1074 1659 1083 1723; x_wconf 81' lang='lat'><em>3</em></span> <span class='ocrx_word' id='word_1_58' title='bbox 1099 1657 1169 1705; x_wconf 90' lang='lat' dir='ltr'><strong>non</strong></span> <span class='ocrx_word' id='word_1_59' title='bbox 1182 1636 1318 1730; x_wconf 85' lang='lat' dir='ltr'><strong>percipi</strong></span> <span class='ocrx_word' id='word_1_60' title='bbox 1328 1637 1425 1706; x_wconf 89' lang='lat' dir='ltr'><strong>enim</strong></span> <span class='ocrx_word' id='word_1_61' title='bbox 1435 1661 1538 1731; x_wconf 88' lang='lat' dir='ltr'><strong>posse</strong></span> 
     </span>
     <span class='ocr_line' id='line_1_10' title="bbox 413 1746 1538 1835; baseline 0.001 -13"><span class='ocrx_word' id='word_1_62' title='bbox 413 1771 536 1823; x_wconf 89' lang='lat' dir='ltr'><strong>causas</strong></span> <span class='ocrx_word' id='word_1_63' title='bbox 552 1746 765 1833; x_wconf 78' lang='lat' dir='ltr'><strong>effectrices,</strong></span> <span class='ocrx_word' id='word_1_64' title='bbox 783 1770 854 1817; x_wconf 94' lang='lat' dir='ltr'><strong>non</strong></span> <span class='ocrx_word' id='word_1_65' title='bbox 875 1747 1057 1818; x_wconf 82' lang='lat' dir='ltr'><strong>materiam</strong></span> <span class='ocrx_word' id='word_1_66' title='bbox 1076 1747 1244 1835; x_wconf 78' lang='lat' dir='ltr'><strong>definiri,</strong></span> <span class='ocrx_word' id='word_1_67' title='bbox 1266 1750 1402 1820; x_wconf 89' lang='lat' dir='ltr'><strong>nullam</strong></span> <span class='ocrx_word' id='word_1_68' title='bbox 1428 1752 1538 1824; x_wconf 86' lang='lat' dir='ltr'><strong>aciem</strong></span> 
     </span>
     <span class='ocr_line' id='line_1_11' title="bbox 417 1860 1535 1961; baseline 0.004 -26"><span class='ocrx_word' id='word_1_69' title='bbox 417 1863 564 1936; x_wconf 87' lang='lat' dir='ltr'><strong>humani</strong></span> <span class='ocrx_word' id='word_1_70' title='bbox 593 1860 732 1955; x_wconf 82' lang='lat' dir='ltr'><strong>ingenii</strong></span> <span class='ocrx_word' id='word_1_71' title='bbox 762 1882 838 1931; x_wconf 88' lang='lat' dir='ltr'><strong>esse</strong></span> <span class='ocrx_word' id='word_1_72' title='bbox 857 1874 990 1933; x_wconf 87' lang='lat' dir='ltr'><strong>tantam</strong></span> <span class='ocrx_word' id='word_1_73' title='bbox 1014 1875 1052 1932; x_wconf 93' lang='lat' dir='ltr'><strong>ut</strong></span> <span class='ocrx_word' id='word_1_74' title='bbox 1079 1863 1167 1934; x_wconf 90' lang='lat' dir='ltr'><strong>lines</strong></span> <span class='ocrx_word' id='word_1_75' title='bbox 1196 1865 1307 1958; x_wconf 90' lang='lat' dir='ltr'><strong>possit</strong></span> <span class='ocrx_word' id='word_1_76' title='bbox 1332 1866 1535 1961; x_wconf 81' lang='lat' dir='ltr'><strong>percipere3</strong></span> 
     </span>
     <span class='ocr_line' id='line_1_12' title="bbox 413 1976 1540 2071; baseline 0.002 -18"><span class='ocrx_word' id='word_1_77' title='bbox 413 1978 534 2053; x_wconf 88' lang='lat' dir='ltr'><strong>omnia</strong></span> <span class='ocrx_word' id='word_1_78' title='bbox 553 1999 683 2071; x_wconf 86' lang='lat' dir='ltr'><strong>nempe</strong></span> <span class='ocrx_word' id='word_1_79' title='bbox 697 1976 763 2048; x_wconf 87' lang='lat' dir='ltr'><strong>ista</strong></span> <span class='ocrx_word' id='word_1_80' title='bbox 781 1976 889 2048; x_wconf 91' lang='lat' dir='ltr'><strong>latere</strong></span> <span class='ocrx_word' id='word_1_81' title='bbox 919 1977 1046 2049; x_wconf 88' lang='lat' dir='ltr'><strong>crassis</strong></span> <span class='ocrx_word' id='word_1_82' title='bbox 1064 1979 1236 2050; x_wconf 88' lang='lat' dir='ltr'><strong>occultata</strong></span> <span class='ocrx_word' id='word_1_83' title='bbox 1259 1991 1295 2050; x_wconf 89' lang='lat' dir='ltr'><strong>et</strong></span> <span class='ocrx_word' id='word_1_84' title='bbox 1323 1981 1540 2055; x_wconf 88' lang='lat' dir='ltr'><strong>circumlusa</strong></span> 
     </span>
     <span class='ocr_line' id='line_1_13' title="bbox 415 2091 1539 2190; baseline 0.004 -26"><span class='ocrx_word' id='word_1_85' title='bbox 415 2092 593 2185; x_wconf 81' lang='lat' dir='ltr'><strong>tenebris3</strong></span> <span class='ocrx_word' id='word_1_86' title='bbox 613 2093 680 2163; x_wconf 91' lang='lat' dir='ltr'><strong>hoc</strong></span> <span class='ocrx_word' id='word_1_87' title='bbox 697 2103 835 2163; x_wconf 90' lang='lat' dir='ltr'><strong>tantum</strong></span> <span class='ocrx_word' id='word_1_88' title='bbox 851 2114 928 2162; x_wconf 90' lang='lat' dir='ltr'><strong>esse</strong></span> <span class='ocrx_word' id='word_1_89' title='bbox 939 2091 1080 2186; x_wconf 82' lang='lat' dir='ltr'><strong>reliqui,</strong></span> <span class='ocrx_word' id='word_1_90' title='bbox 1098 2107 1137 2164; x_wconf 90' lang='lat' dir='ltr'><strong>ut</strong></span> <span class='ocrx_word' id='word_1_91' title='bbox 1156 2116 1271 2166; x_wconf 91' lang='lat' dir='ltr'><strong>causae</strong></span> <span class='ocrx_word' id='word_1_92' title='bbox 1282 2096 1461 2190; x_wconf 83' lang='lat' dir='ltr'><strong>cujusque</strong></span> <span class='ocrx_word' id='word_1_93' title='bbox 1476 2120 1539 2169; x_wconf 89' lang='lat' dir='ltr'><strong>an·</strong></span> 
     </span>
     <span class='ocr_line' id='line_1_14' title="bbox 411 2205 1537 2288; baseline 0.002 -7"><span class='ocrx_word' id='word_1_94' title='bbox 411 2205 613 2281; x_wconf 79' lang='lat' dir='ltr'><strong>teredentes</strong></span> <span class='ocrx_word' id='word_1_95' title='bbox 630 2205 867 2278; x_wconf 87' lang='lat' dir='ltr'><strong>innotescant.</strong></span> <span class='ocrx_word' id='word_1_96' title='bbox 893 2210 979 2288; x_wconf 82' lang='lat' dir='ltr'><strong>Quae</strong></span> <span class='ocrx_word' id='word_1_97' title='bbox 998 2207 1172 2279; x_wconf 89' lang='lat' dir='ltr'><strong>sententia</strong></span> <span class='ocrx_word' id='word_1_98' title='bbox 1191 2209 1313 2280; x_wconf 84' lang='lat' dir='ltr'><strong>stricta</strong></span> <span class='ocrx_word' id='word_1_99' title='bbox 1335 2210 1447 2283; x_wconf 90' lang='lat' dir='ltr'><strong>nimis</strong></span> <span class='ocrx_word' id='word_1_100' title='bbox 1464 2226 1537 2284; x_wconf 89' lang='lat' dir='ltr'><strong>eta</strong></span> 
     </span>
     <span class='ocr_line' id='line_1_15' title="bbox 413 2320 1537 2417; baseline 0.004 -23"><span class='ocrx_word' id='word_1_101' title='bbox 413 2346 494 2395; x_wconf 88' lang='lat' dir='ltr'><strong>vero</strong></span> <span class='ocrx_word' id='word_1_102' title='bbox 514 2322 626 2394; x_wconf 90' lang='lat' dir='ltr'><strong>aliena</strong></span> <span class='ocrx_word' id='word_1_103' title='bbox 649 2320 800 2392; x_wconf 89' lang='lat' dir='ltr'><strong>videtur.</strong></span> <span class='ocrx_word' id='word_1_104' title='bbox 817 2321 924 2391; x_wconf 84' lang='lat' dir='ltr'><strong>Multa</strong></span> <span class='ocrx_word' id='word_1_105' title='bbox 940 2321 1034 2392; x_wconf 93' lang='lat' dir='ltr'><strong>enim</strong></span> <span class='ocrx_word' id='word_1_106' title='bbox 1050 2336 1134 2394; x_wconf 89' lang='lat' dir='ltr'><strong>suut</strong></span> <span class='ocrx_word' id='word_1_107' title='bbox 1148 2322 1330 2417; x_wconf 89' lang='lat' dir='ltr'><strong>inquibus</strong></span> <span class='ocrx_word' id='word_1_108' title='bbox 1343 2346 1416 2397; x_wconf 92' lang='lat' dir='ltr'><strong>non</strong></span> <span class='ocrx_word' id='word_1_109' title='bbox 1431 2324 1537 2399; x_wconf 91' lang='lat' dir='ltr'><strong>modo</strong></span> 
     </span>
     <span class='ocr_line' id='line_1_16' title="bbox 413 2436 1537 2531; baseline 0.004 -21"><span class='ocrx_word' id='word_1_110' title='bbox 413 2459 536 2510; x_wconf 89' lang='lat' dir='ltr'><strong>causas</strong></span> <span class='ocrx_word' id='word_1_111' title='bbox 563 2437 810 2509; x_wconf 87' lang='lat' dir='ltr'><strong>antecedentes</strong></span> <span class='ocrx_word' id='word_1_112' title='bbox 839 2437 902 2509; x_wconf 90' lang='lat' dir='ltr'><strong>sed</strong></span> <span class='ocrx_word' id='word_1_113' title='bbox 931 2436 1039 2507; x_wconf 90' lang='lat' dir='ltr'><strong>etiam</strong></span> <span class='ocrx_word' id='word_1_114' title='bbox 1058 2438 1279 2531; x_wconf 90' lang='lat' dir='ltr'><strong>propositum</strong></span> <span class='ocrx_word' id='word_1_115' title='bbox 1302 2440 1430 2527; x_wconf 89' lang='lat' dir='ltr'><strong>linem,</strong></span> <span class='ocrx_word' id='word_1_116' title='bbox 1451 2441 1537 2515; x_wconf 89' lang='lat' dir='ltr'><strong>inti-</strong></span> 
     </span>
    </p>
   </div>
   <div class='ocr_carea' id='block_1_3' title="bbox 299 2550 1537 2651">
    <p class='ocr_par' dir='ltr' id='par_1_3' title="bbox 299 2550 1537 2651">
     <span class='ocr_line' id='line_1_17' title="bbox 299 2550 1537 2651; baseline 0.006 -32"><span class='ocrx_word' id='word_1_117' title='bbox 299 2550 304 2559; x_wconf 82' lang='lat'><em>&#39;</em></span> <span class='ocrx_word' id='word_1_118' title='bbox 412 2574 579 2645; x_wconf 86' lang='lat' dir='ltr'><strong>mamque</strong></span> <span class='ocrx_word' id='word_1_119' title='bbox 592 2562 755 2620; x_wconf 87' lang='lat' dir='ltr'><strong>naturam</strong></span> <span class='ocrx_word' id='word_1_120' title='bbox 776 2551 930 2621; x_wconf 89' lang='lat' dir='ltr'><strong>scrutari</strong></span> <span class='ocrx_word' id='word_1_121' title='bbox 945 2574 1062 2644; x_wconf 86' lang='lat' dir='ltr'><strong>operae</strong></span> <span class='ocrx_word' id='word_1_122' title='bbox 1075 2568 1127 2625; x_wconf 90' lang='lat' dir='ltr'><strong>est</strong></span> <span class='ocrx_word' id='word_1_123' title='bbox 1143 2553 1311 2648; x_wconf 90' lang='lat' dir='ltr'><strong>pretium.</strong></span> <span class='ocrx_word' id='word_1_124' title='bbox 1328 2559 1398 2626; x_wconf 88' lang='lat' dir='ltr'><strong>Res</strong></span> <span class='ocrx_word' id='word_1_125' title='bbox 1410 2577 1537 2651; x_wconf 86' lang='lat' dir='ltr'><strong>nempe</strong></span> 
     </span>
    </p>
   </div>
   <div class='ocr_carea' id='block_1_4' title="bbox 410 2661 1573 3557">
    <p class='ocr_par' dir='ltr' id='par_1_4' title="bbox 410 2661 1573 3557">
     <span class='ocr_line' id='line_1_18' title="bbox 412 2661 1573 2764; baseline 0.006 -29"><span class='ocrx_word' id='word_1_126' title='bbox 412 2664 569 2758; x_wconf 85' lang='lat' dir='ltr'><strong>singulas</strong></span> <span class='ocrx_word' id='word_1_127' title='bbox 586 2686 658 2735; x_wconf 90' lang='lat' dir='ltr'><strong>non</strong></span> <span class='ocrx_word' id='word_1_128' title='bbox 675 2676 756 2734; x_wconf 85' lang='lat' dir='ltr'><strong>ante</strong></span> <span class='ocrx_word' id='word_1_129' title='bbox 770 2661 874 2755; x_wconf 92' lang='lat' dir='ltr'><strong>plane</strong></span> <span class='ocrx_word' id='word_1_130' title='bbox 891 2662 1108 2736; x_wconf 85' lang='lat' dir='ltr'><strong>intellexisse</strong></span> <span class='ocrx_word' id='word_1_131' title='bbox 1125 2667 1341 2740; x_wconf 89' lang='lat' dir='ltr'><strong>arbitramur</strong></span> <span class='ocrx_word' id='word_1_132' title='bbox 1355 2691 1465 2764; x_wconf 83' lang='lat' dir='ltr'><strong>quam</strong></span> <span class='ocrx_word' id='word_1_133' title='bbox 1482 2686 1537 2742; x_wconf 90' lang='lat' dir='ltr'><strong>te·</strong></span> <span class='ocrx_word' id='word_1_134' title='bbox 1570 2708 1573 2715; x_wconf 91' lang='lat'>·</span> 
     </span>
     <span class='ocr_line' id='line_1_19' title="bbox 412 2777 1537 2880; baseline 0.009 -30"><span class='ocrx_word' id='word_1_135' title='bbox 412 2801 558 2851; x_wconf 90' lang='lat' dir='ltr'><strong>neamus</strong></span> <span class='ocrx_word' id='word_1_136' title='bbox 582 2778 678 2849; x_wconf 92' lang='lat' dir='ltr'><strong>unde</strong></span> <span class='ocrx_word' id='word_1_137' title='bbox 694 2777 785 2865; x_wconf 86' lang='lat' dir='ltr'><strong>sint,</strong></span> <span class='ocrx_word' id='word_1_138' title='bbox 816 2800 924 2873; x_wconf 93' lang='lat' dir='ltr'><strong>quem</strong></span> <span class='ocrx_word' id='word_1_139' title='bbox 951 2791 1111 2873; x_wconf 90' lang='lat' dir='ltr'><strong>spectent</strong></span> <span class='ocrx_word' id='word_1_140' title='bbox 1129 2783 1173 2854; x_wconf 89' lang='lat' dir='ltr'><strong>ad</strong></span> <span class='ocrx_word' id='word_1_141' title='bbox 1200 2784 1327 2872; x_wconf 84' lang='lat' dir='ltr'><strong>finem,</strong></span> <span class='ocrx_word' id='word_1_142' title='bbox 1360 2787 1537 2880; x_wconf 88' lang='lat' dir='ltr'><strong>equibus</strong></span> 
     </span>
     <span class='ocr_line' id='line_1_20' title="bbox 411 2891 1536 2996; baseline 0.006 -29"><span class='ocrx_word' id='word_1_143' title='bbox 411 2906 593 2983; x_wconf 87' lang='lat' dir='ltr'><strong>constent,</strong></span> <span class='ocrx_word' id='word_1_144' title='bbox 621 2913 727 2984; x_wconf 90' lang='lat' dir='ltr'><strong>quam</strong></span> <span class='ocrx_word' id='word_1_145' title='bbox 754 2891 949 2985; x_wconf 88' lang='lat' dir='ltr'><strong>subjectam</strong></span> <span class='ocrx_word' id='word_1_146' title='bbox 984 2893 1136 2966; x_wconf 90' lang='lat' dir='ltr'><strong>habeant</strong></span> <span class='ocrx_word' id='word_1_147' title='bbox 1156 2896 1352 2968; x_wconf 88' lang='lat' dir='ltr'><strong>materiam.</strong></span> <span class='ocrx_word' id='word_1_148' title='bbox 1385 2905 1429 2971; x_wconf 88' lang='lat' dir='ltr'><strong>Ut</strong></span> <span class='ocrx_word' id='word_1_149' title='bbox 1450 2917 1536 2996; x_wconf 89' lang='lat' dir='ltr'><strong>puta</strong></span> 
     </span>
     <span class='ocr_line' id='line_1_21' title="bbox 412 3005 1536 3102; baseline 0.008 -22"><span class='ocrx_word' id='word_1_150' title='bbox 412 3006 543 3080; x_wconf 91' lang='lat' dir='ltr'><strong>medici</strong></span> <span class='ocrx_word' id='word_1_151' title='bbox 557 3031 626 3080; x_wconf 91' lang='lat' dir='ltr'><strong>non</strong></span> <span class='ocrx_word' id='word_1_152' title='bbox 642 3005 748 3079; x_wconf 94' lang='lat' dir='ltr'><strong>modo</strong></span> <span class='ocrx_word' id='word_1_153' title='bbox 761 3007 908 3077; x_wconf 89' lang='lat' dir='ltr'><strong>interest</strong></span> <span class='ocrx_word' id='word_1_154' title='bbox 919 3029 1024 3078; x_wconf 92' lang='lat' dir='ltr'><strong>nosse</strong></span> <span class='ocrx_word' id='word_1_155' title='bbox 1036 3010 1196 3102; x_wconf 88' lang='lat' dir='ltr'><strong>corporis</strong></span> <span class='ocrx_word' id='word_1_156' title='bbox 1209 3013 1395 3085; x_wconf 90' lang='lat' dir='ltr'><strong>materiam</strong></span> <span class='ocrx_word' id='word_1_157' title='bbox 1408 3014 1536 3089; x_wconf 88' lang='lat' dir='ltr'><strong>situm·</strong></span> 
     </span>
     <span class='ocr_line' id='line_1_22' title="bbox 412 3119 1536 3224; baseline 0.01 -32"><span class='ocrx_word' id='word_1_158' title='bbox 412 3146 483 3217; x_wconf 88' lang='lat' dir='ltr'><strong>que</strong></span> <span class='ocrx_word' id='word_1_159' title='bbox 501 3122 675 3216; x_wconf 87' lang='lat' dir='ltr'><strong>partium,</strong></span> <span class='ocrx_word' id='word_1_160' title='bbox 689 3119 749 3194; x_wconf 93' lang='lat' dir='ltr'><strong>sed</strong></span> <span class='ocrx_word' id='word_1_161' title='bbox 763 3121 867 3193; x_wconf 89' lang='lat' dir='ltr'><strong>etiam</strong></span> <span class='ocrx_word' id='word_1_162' title='bbox 884 3137 1071 3216; x_wconf 84' lang='lat' dir='ltr'><strong>penetrare</strong></span> <span class='ocrx_word' id='word_1_163' title='bbox 1085 3122 1237 3195; x_wconf 86' lang='lat' dir='ltr'><strong>altiuset</strong></span> <span class='ocrx_word' id='word_1_164' title='bbox 1254 3149 1415 3219; x_wconf 89' lang='lat' dir='ltr'><strong>quaerere</strong></span> <span class='ocrx_word' id='word_1_165' title='bbox 1422 3130 1536 3224; x_wconf 86' lang='lat' dir='ltr'><strong>partis</strong></span> 
     </span>
     <span class='ocr_line' id='line_1_23' title="bbox 410 3237 1532 3332; baseline 0.009 -24"><span class='ocrx_word' id='word_1_166' title='bbox 410 3241 586 3332; x_wconf 85' lang='lat' dir='ltr'><strong>cujusque</strong></span> <span class='ocrx_word' id='word_1_167' title='bbox 603 3261 703 3308; x_wconf 93' lang='lat' dir='ltr'><strong>usum</strong></span> <span class='ocrx_word' id='word_1_168' title='bbox 723 3249 757 3307; x_wconf 87' lang='lat' dir='ltr'><strong>et</strong></span> <span class='ocrx_word' id='word_1_169' title='bbox 780 3238 911 3326; x_wconf 88' lang='lat' dir='ltr'><strong>linem,</strong></span> <span class='ocrx_word' id='word_1_170' title='bbox 929 3251 986 3322; x_wconf 90' lang='lat' dir='ltr'><strong>ut,</strong></span> <span class='ocrx_word' id='word_1_171' title='bbox 1002 3237 1031 3307; x_wconf 90' lang='lat' dir='ltr'><strong>si</strong></span> <span class='ocrx_word' id='word_1_172' title='bbox 1056 3239 1198 3332; x_wconf 88' lang='lat' dir='ltr'><strong>quaudo</strong></span> <span class='ocrx_word' id='word_1_173' title='bbox 1214 3242 1337 3312; x_wconf 93' lang='lat' dir='ltr'><strong>morbo</strong></span> <span class='ocrx_word' id='word_1_174' title='bbox 1352 3244 1532 3332; x_wconf 87' lang='lat' dir='ltr'><strong>laborent,</strong></span> 
     </span>
     <span class='ocr_line' id='line_1_24' title="bbox 412 3360 1536 3460; baseline 0.007 -25"><span class='ocrx_word' id='word_1_175' title='bbox 412 3363 597 3460; x_wconf 91' lang='lat' dir='ltr'><strong>proprium</strong></span> <span class='ocrx_word' id='word_1_176' title='bbox 619 3360 657 3430; x_wconf 92' lang='lat' dir='ltr'><strong>in</strong></span> <span class='ocrx_word' id='word_1_177' title='bbox 676 3360 786 3431; x_wconf 92' lang='lat' dir='ltr'><strong>situm</strong></span> <span class='ocrx_word' id='word_1_178' title='bbox 806 3361 1053 3432; x_wconf 88' lang='lat' dir='ltr'><strong>restituantur.</strong></span> <span class='ocrx_word' id='word_1_179' title='bbox 1076 3369 1125 3433; x_wconf 90' lang='lat' dir='ltr'><strong>lta</strong></span> <span class='ocrx_word' id='word_1_180' title='bbox 1140 3365 1246 3435; x_wconf 90' lang='lat' dir='ltr'><strong>etiam</strong></span> <span class='ocrx_word' id='word_1_181' title='bbox 1264 3368 1393 3440; x_wconf 90' lang='lat' dir='ltr'><strong>mentis</strong></span> <span class='ocrx_word' id='word_1_182' title='bbox 1408 3368 1536 3443; x_wconf 90' lang='lat' dir='ltr'><strong>huma·</strong></span> 
     </span>
     <span class='ocr_line' id='line_1_25' title="bbox 412 3475 1536 3557; baseline 0.005 -6"><span class='ocrx_word' id='word_1_183' title='bbox 412 3503 467 3551; x_wconf 90' lang='lat' dir='ltr'><strong>nae</strong></span> <span class='ocrx_word' id='word_1_184' title='bbox 486 3476 631 3549; x_wconf 88' lang='lat' dir='ltr'><strong>scientia</strong></span> <span class='ocrx_word' id='word_1_185' title='bbox 659 3498 730 3546; x_wconf 93' lang='lat' dir='ltr'><strong>non</strong></span> <span class='ocrx_word' id='word_1_186' title='bbox 755 3475 791 3545; x_wconf 91' lang='lat' dir='ltr'><strong>in</strong></span> <span class='ocrx_word' id='word_1_187' title='bbox 816 3499 857 3548; x_wconf 93' lang='lat' dir='ltr'><strong>eo</strong></span> <span class='ocrx_word' id='word_1_188' title='bbox 881 3489 1018 3548; x_wconf 90' lang='lat' dir='ltr'><strong>tantum</strong></span> <span class='ocrx_word' id='word_1_189' title='bbox 1044 3492 1200 3549; x_wconf 86' lang='lat' dir='ltr'><strong>versatur</strong></span> <span class='ocrx_word' id='word_1_190' title='bbox 1232 3492 1270 3550; x_wconf 89' lang='lat' dir='ltr'><strong>ut</strong></span> <span class='ocrx_word' id='word_1_191' title='bbox 1293 3482 1406 3555; x_wconf 90' lang='lat' dir='ltr'><strong>varios</strong></span> <span class='ocrx_word' id='word_1_192' title='bbox 1426 3484 1536 3557; x_wconf 90' lang='lat' dir='ltr'><strong>animi</strong></span> 
     </span>
    </p>
   </div>
   <div class='ocr_carea' id='block_1_5' title="bbox 413 3590 1552 4371">
    <p class='ocr_par' dir='ltr' id='par_1_5' title="bbox 413 3590 1552 4266">
     <span class='ocr_line' id='line_1_26' title="bbox 413 3590 1538 3695; baseline 0.007 -29"><span class='ocrx_word' id='word_1_193' title='bbox 413 3595 557 3666; x_wconf 83' lang='lat' dir='ltr'><strong>allectus</strong></span> <span class='ocrx_word' id='word_1_194' title='bbox 577 3590 768 3685; x_wconf 88' lang='lat' dir='ltr'><strong>pereipiat,</strong></span> <span class='ocrx_word' id='word_1_195' title='bbox 790 3592 852 3662; x_wconf 91' lang='lat' dir='ltr'><strong>sed</strong></span> <span class='ocrx_word' id='word_1_196' title='bbox 880 3591 1056 3684; x_wconf 88' lang='lat' dir='ltr'><strong>cujusque</strong></span> <span class='ocrx_word' id='word_1_197' title='bbox 1084 3593 1229 3667; x_wconf 82' lang='lat' dir='ltr'><strong>allectus</strong></span> <span class='ocrx_word' id='word_1_198' title='bbox 1245 3595 1416 3669; x_wconf 88' lang='lat' dir='ltr'><strong>rationem</strong></span> <span class='ocrx_word' id='word_1_199' title='bbox 1436 3623 1538 3695; x_wconf 88' lang='lat' dir='ltr'><strong>quae-</strong></span> 
     </span>
     <span class='ocr_line' id='line_1_27' title="bbox 413 3694 1552 3799; baseline 0.011 -20"><span class='ocrx_word' id='word_1_200' title='bbox 413 3709 462 3779; x_wconf 91' lang='lat' dir='ltr'><strong>rit</strong></span> <span class='ocrx_word' id='word_1_201' title='bbox 478 3697 649 3793; x_wconf 85' lang='lat' dir='ltr'><strong>etllnem,</strong></span> <span class='ocrx_word' id='word_1_202' title='bbox 666 3719 727 3790; x_wconf 91' lang='lat' dir='ltr'><strong>ut,</strong></span> <span class='ocrx_word' id='word_1_203' title='bbox 747 3704 932 3799; x_wconf 91' lang='lat' dir='ltr'><strong>siquando</strong></span> <span class='ocrx_word' id='word_1_204' title='bbox 951 3729 1051 3778; x_wconf 92' lang='lat' dir='ltr'><strong>mens</strong></span> <span class='ocrx_word' id='word_1_205' title='bbox 1067 3706 1234 3798; x_wconf 90' lang='lat' dir='ltr'><strong>insaniat,</strong></span> <span class='ocrx_word' id='word_1_206' title='bbox 1252 3711 1463 3789; x_wconf 90' lang='lat' dir='ltr'><strong>adhibeatur</strong></span> <span class='ocrx_word' id='word_1_207' title='bbox 1481 3694 1552 3790; x_wconf 49' lang='grc' dir='ltr'><strong>τε(</strong></span> 
     </span>
     <span class='ocr_line' id='line_1_28' title="bbox 414 3817 1537 3921; baseline 0.012 -29"><span class='ocrx_word' id='word_1_208' title='bbox 414 3820 584 3894; x_wconf 91' lang='lat' dir='ltr'><strong>medium.</strong></span> <span class='ocrx_word' id='word_1_209' title='bbox 612 3824 721 3890; x_wconf 86' lang='lat' dir='ltr'><strong>Recte</strong></span> <span class='ocrx_word' id='word_1_210' title='bbox 751 3817 859 3912; x_wconf 82' lang='lat' dir='ltr'><strong>igitur</strong></span> <span class='ocrx_word' id='word_1_211' title='bbox 882 3820 1090 3893; x_wconf 81' lang='lat' dir='ltr'><strong>Aristoteles</strong></span> <span class='ocrx_word' id='word_1_212' title='bbox 1114 3846 1155 3895; x_wconf 86' lang='lat' dir='ltr'><strong>ex</strong></span> <span class='ocrx_word' id='word_1_213' title='bbox 1181 3825 1307 3899; x_wconf 90' lang='lat' dir='ltr'><strong>linium</strong></span> <span class='ocrx_word' id='word_1_214' title='bbox 1336 3834 1537 3921; x_wconf 89' lang='lat' dir='ltr'><strong>praesertim</strong></span> 
     </span>
     <span class='ocr_line' id='line_1_29' title="bbox 413 3932 1536 4036; baseline 0.009 -28"><span class='ocrx_word' id='word_1_215' title='bbox 413 3932 712 4029; x_wconf 82' lang='lat' dir='ltr'><strong>contemplatione</strong></span> <span class='ocrx_word' id='word_1_216' title='bbox 731 3945 895 4005; x_wconf 88' lang='lat' dir='ltr'><strong>constare</strong></span> <span class='ocrx_word' id='word_1_217' title='bbox 917 3934 1148 4030; x_wconf 84' lang='lat' dir='ltr'><strong>physicorum</strong></span> <span class='ocrx_word' id='word_1_218' title='bbox 1167 3938 1325 4014; x_wconf 89' lang='lat' dir='ltr'><strong>notitiam</strong></span> <span class='ocrx_word' id='word_1_219' title='bbox 1333 3997 1346 4031; x_wconf 89' lang='lat'><em>,</em></span> <span class='ocrx_word' id='word_1_220' title='bbox 1366 3947 1536 4036; x_wconf 93' lang='lat' dir='ltr'><strong>quoniam</strong></span> 
     </span>
     <span class='ocr_line' id='line_1_30' title="bbox 415 4046 1536 4153; baseline 0.011 -32"><span class='ocrx_word' id='word_1_221' title='bbox 415 4071 537 4121; x_wconf 88' lang='lat' dir='ltr'><strong>manca</strong></span> <span class='ocrx_word' id='word_1_222' title='bbox 563 4063 597 4120; x_wconf 90' lang='lat' dir='ltr'><strong>ct</strong></span> <span class='ocrx_word' id='word_1_223' title='bbox 626 4046 778 4144; x_wconf 85' lang='lat' dir='ltr'><strong>quodam</strong></span> <span class='ocrx_word' id='word_1_224' title='bbox 806 4052 911 4122; x_wconf 89' lang='lat' dir='ltr'><strong>modo</strong></span> <span class='ocrx_word' id='word_1_225' title='bbox 937 4050 1100 4123; x_wconf 90' lang='lat' dir='ltr'><strong>inchoata</strong></span> <span class='ocrx_word' id='word_1_226' title='bbox 1129 4064 1182 4125; x_wconf 91' lang='lat' dir='ltr'><strong>est</strong></span> <span class='ocrx_word' id='word_1_227' title='bbox 1208 4069 1344 4127; x_wconf 88' lang='lat' dir='ltr'><strong>naturae</strong></span> <span class='ocrx_word' id='word_1_228' title='bbox 1376 4060 1536 4153; x_wconf 83' lang='lat' dir='ltr'><strong>cognitio</strong></span> 
     </span>
     <span class='ocr_line' id='line_1_31' title="bbox 413 4161 1531 4266; baseline 0.013 -33"><span class='ocrx_word' id='word_1_229' title='bbox 413 4161 574 4260; x_wconf 90' lang='lat' dir='ltr'><strong>quandiu</strong></span> <span class='ocrx_word' id='word_1_230' title='bbox 591 4187 661 4233; x_wconf 92' lang='lat' dir='ltr'><strong>non</strong></span> <span class='ocrx_word' id='word_1_231' title='bbox 679 4164 784 4234; x_wconf 87' lang='lat' dir='ltr'><strong>finem</strong></span> <span class='ocrx_word' id='word_1_232' title='bbox 799 4177 833 4234; x_wconf 89' lang='lat' dir='ltr'><strong>et</strong></span> <span class='ocrx_word' id='word_1_233' title='bbox 846 4165 1062 4236; x_wconf 86' lang='lat' dir='ltr'><strong>destinatum</strong></span> <span class='ocrx_word' id='word_1_234' title='bbox 1085 4167 1261 4260; x_wconf 88' lang='lat' dir='ltr'><strong>cujusque</strong></span> <span class='ocrx_word' id='word_1_235' title='bbox 1285 4173 1531 4266; x_wconf 80' lang='lat' dir='ltr'><strong>percepimus3</strong></span> 
     </span>
    </p>

    <p class='ocr_par' dir='ltr' id='par_1_6' title="bbox 414 4275 1532 4371">
     <span class='ocr_line' id='line_1_32' title="bbox 414 4275 1532 4371; baseline 0.01 -20"><span class='ocrx_word' id='word_1_236' title='bbox 414 4275 628 4355; x_wconf 77' lang='lat' dir='ltr'><strong>coelestiam</strong></span> <span class='ocrx_word' id='word_1_237' title='bbox 647 4280 801 4370; x_wconf 88' lang='lat' dir='ltr'><strong>pendere</strong></span> <span class='ocrx_word' id='word_1_238' title='bbox 815 4281 968 4371; x_wconf 91' lang='lat' dir='ltr'><strong>quodam</strong></span> <span class='ocrx_word' id='word_1_239' title='bbox 989 4279 1093 4353; x_wconf 92' lang='lat' dir='ltr'><strong>modo</strong></span> <span class='ocrx_word' id='word_1_240' title='bbox 1105 4303 1146 4351; x_wconf 87' lang='lat' dir='ltr'><strong>ex</strong></span> <span class='ocrx_word' id='word_1_241' title='bbox 1164 4282 1294 4354; x_wconf 89' lang='lat' dir='ltr'><strong>linibus</strong></span> <span class='ocrx_word' id='word_1_242' title='bbox 1310 4299 1345 4356; x_wconf 91' lang='lat' dir='ltr'><strong>et</strong></span> <span class='ocrx_word' id='word_1_243' title='bbox 1363 4309 1430 4358; x_wconf 89' lang='lat' dir='ltr'><strong>una</strong></span> <span class='ocrx_word' id='word_1_244' title='bbox 1451 4314 1532 4361; x_wconf 92' lang='lat' dir='ltr'><strong>cum</strong></span> 
     </span>
    </p>
   </div>
   <div class='ocr_carea' id='block_1_6' title="bbox 0 0 1784 5392">
    <p class='ocr_par' dir='ltr' id='par_1_7' title="bbox 0 0 1784 5392">
     <span class='ocr_line' id='line_1_33' title="bbox 0 0 1784 5392; baseline 0 0"><span class='ocrx_word' id='word_1_245' title='bbox 0 0 1784 5392; x_wconf 95' lang='lat' dir='ltr'><strong> </strong></span> 
     </span>
    </p>
   </div>
  </div>
 </body>
</html>
